period,stock_symbol,ebitda,ebit,diluted_eps,basic_eps,net_income,tax_provision,pretax_income,operating_income,operating_expense,gross_profit,total_revenue,operating_revenue
2023-12-31 00:00:00,MMM,-6759000000.00,-8746000000.00,-12.6300,-12.6300,-6995000000.00,-2691000000.00,-9688000000.00,-9035000000.00,23239000000.00,14204000000.00,32681000000.00,32681000000.00
2022-12-31 00:00:00,MMM,8685000000.00,6854000000.00,10.1800,10.2100,5777000000.00,612000000.00,6392000000.00,4334000000.00,10663000000.00,14997000000.00,34229000000.00,34229000000.00
2021-12-31 00:00:00,MMM,9607000000.00,7692000000.00,10.1200,10.2300,5921000000.00,1285000000.00,7204000000.00,7666000000.00,8894000000.00,16560000000.00,35355000000.00,35355000000.00
2020-12-31 00:00:00,MMM,9235000000.00,7324000000.00,9.2500,9.3200,5449000000.00,1337000000.00,6795000000.00,6906000000.00,8673000000.00,15579000000.00,32184000000.00,32184000000.00
2019-12-31 00:00:00,MMM,,,,,,,,,,,,
2023-12-31 00:00:00,AOS,823800000.00,745500000.00,3.6900,3.7100,556600000.00,176900000.00,733500000.00,757400000.00,727400000.00,1484800000.00,3852800000.00,3852800000.00
2022-12-31 00:00:00,AOS,310000000.00,233100000.00,1.5100,1.5591,235700000.00,-12000000.00,223700000.00,658700000.00,670900000.00,1329600000.00,3753900000.00,3753900000.00
2021-12-31 00:00:00,AOS,707800000.00,629900000.00,3.0200,3.0897,487100000.00,138500000.00,625600000.00,609500000.00,701400000.00,1310900000.00,3538900000.00,3538900000.00
2020-12-31 00:00:00,AOS,531200000.00,451200000.00,2.1200,2.1320,344900000.00,99000000.00,443900000.00,447900000.00,660300000.00,1108200000.00,2895300000.00,2895300000.00
2023-12-31 00:00:00,ABT,10544000000.00,7301000000.00,3.2600,3.3003,5723000000.00,941000000.00,6664000000.00,6478000000.00,15656000000.00,22134000000.00,40109000000.00,40109000000.00
2022-12-31 00:00:00,ABT,12131000000.00,8864000000.00,3.9100,3.9895,6933000000.00,1373000000.00,8306000000.00,8362000000.00,16149000000.00,24511000000.00,43653000000.00,43653000000.00
2021-12-31 00:00:00,ABT,12282000000.00,8744000000.00,3.9400,4.0083,7071000000.00,1140000000.00,8211000000.00,8425000000.00,16113000000.00,24538000000.00,43075000000.00,43075000000.00
2020-12-31 00:00:00,ABT,8841000000.00,5514000000.00,2.5000,2.5378,4495000000.00,497000000.00,4968000000.00,5357000000.00,14248000000.00,19605000000.00,34608000000.00,34608000000.00
2019-12-31 00:00:00,ABT,,,,,,,,,,,,
2023-12-31 00:00:00,ABBV,17172000000.00,8474000000.00,2.7200,2.7538,4863000000.00,1377000000.00,6250000000.00,13535000000.00,20368000000.00,33903000000.00,54318000000.00,54318000000.00
2022-12-31 00:00:00,ABBV,24174000000.00,15707000000.00,6.6300,6.6901,11836000000.00,1632000000.00,13477000000.00,18814000000.00,21826000000.00,40640000000.00,58054000000.00,58054000000.00
2021-12-31 00:00:00,ABBV,23933000000.00,15412000000.00,6.4500,6.5270,11542000000.00,1440000000.00,12989000000.00,19048000000.00,19703000000.00,38751000000.00,56197000000.00,56197000000.00
2020-12-31 00:00:00,ABBV,12323000000.00,5852000000.00,2.6151,2.6151,4616000000.00,-1224000000.00,3398000000.00,12739000000.00,17678000000.00,30417000000.00,45804000000.00,45804000000.00
2019-12-31 00:00:00,ABBV,,,,,,,,,,,,
2024-08-31 00:00:00,ACN,11188334000.00,9758292000.00,11.4400,11.5700,7264787000.00,2280126000.00,9699323000.00,9595847000.00,11566470000.00,21162317000.00,64896464000.00,64896464000.00
2023-08-31 00:00:00,ACN,10587612000.00,9186857000.00,10.7700,10.9000,6871557000.00,2135802000.00,9139332000.00,8809889000.00,11921718000.00,20731607000.00,64111745000.00,64111745000.00
2022-08-31 00:00:00,ACN,10554225000.00,9243487000.00,10.7100,10.8700,6877169000.00,2207207000.00,9196167000.00,9367181000.00,10334358000.00,19701539000.00,61594305000.00,61594305000.00
2021-08-31 00:00:00,ACN,9711850000.00,7820608000.00,9.1600,9.3100,5906809000.00,1770571000.00,7761116000.00,7621529000.00,8742599000.00,16364128000.00,50533389000.00,50533389000.00
2023-11-30 00:00:00,ADBE,7784000000.00,6912000000.00,11.8200,11.8700,5428000000.00,1371000000.00,6799000000.00,6650000000.00,10405000000.00,17055000000.00,19409000000.00,19409000000.00
2022-11-30 00:00:00,ADBE,6976000000.00,6120000000.00,10.1000,10.1300,4756000000.00,1252000000.00,6008000000.00,6098000000.00,9343000000.00,15441000000.00,17606000000.00,17606000000.00
2021-11-30 00:00:00,ADBE,6606000000.00,5818000000.00,10.0200,10.1000,4822000000.00,883000000.00,5705000000.00,5802000000.00,8118000000.00,13920000000.00,15785000000.00,15785000000.00
2020-11-30 00:00:00,ADBE,5049000000.00,4292000000.00,10.8300,10.9400,5260000000.00,-1084000000.00,4176000000.00,4237000000.00,6909000000.00,11146000000.00,12868000000.00,12868000000.00
2019-11-30 00:00:00,ADBE,,,,,,,,,,,,
2023-12-31 00:00:00,AMD,4149000000.00,598000000.00,0.5300,0.5300,854000000.00,-346000000.00,492000000.00,401000000.00,10059000000.00,10460000000.00,22680000000.00,22680000000.00
2022-12-31 00:00:00,AMD,5534000000.00,1272000000.00,0.8400,0.8500,1320000000.00,-122000000.00,1184000000.00,1264000000.00,9339000000.00,10603000000.00,23601000000.00,23601000000.00
2021-12-31 00:00:00,AMD,4166000000.00,3703000000.00,2.5700,2.6100,3162000000.00,513000000.00,3669000000.00,3648000000.00,4281000000.00,7929000000.00,16434000000.00,16434000000.00
2020-12-31 00:00:00,AMD,1676000000.00,1322000000.00,2.0600,2.1000,2490000000.00,-1210000000.00,1275000000.00,1369000000.00,2978000000.00,4347000000.00,9763000000.00,9763000000.00
2019-12-31 00:00:00,AMD,,,,,,,,,,,,
2023-12-31 00:00:00,AES,2551000000.00,1423000000.00,0.3500,0.3700,249000000.00,261000000.00,104000000.00,2237000000.00,267000000.00,2504000000.00,12668000000.00,12668000000.00
2022-12-31 00:00:00,AES,2001000000.00,948000000.00,-0.8200,-0.8200,-546000000.00,265000000.00,-169000000.00,2341000000.00,207000000.00,2548000000.00,12617000000.00,12617000000.00
2021-12-31 00:00:00,AES,903000000.00,-153000000.00,-0.6100,-0.6100,-409000000.00,-133000000.00,-1064000000.00,2545000000.00,166000000.00,2711000000.00,11141000000.00,11141000000.00
2020-12-31 00:00:00,AES,2594000000.00,1526000000.00,0.0700,0.0700,46000000.00,216000000.00,488000000.00,2528000000.00,165000000.00,2693000000.00,9660000000.00,9660000000.00
2019-12-31 00:00:00,AES,,,,,,,,,,,,
2023-10-31 00:00:00,A,1705000000.00,1434000000.00,4.1900,4.2200,1240000000.00,99000000.00,1339000000.00,1350000000.00,2115000000.00,3465000000.00,6833000000.00,6833000000.00
2022-10-31 00:00:00,A,1905000000.00,1588000000.00,4.1800,4.1900,1254000000.00,250000000.00,1504000000.00,1618000000.00,2104000000.00,3722000000.00,6848000000.00,6848000000.00
2021-10-31 00:00:00,A,1762000000.00,1441000000.00,3.9400,3.9800,1210000000.00,150000000.00,1360000000.00,1347000000.00,2060000000.00,3407000000.00,6319000000.00,6319000000.00
2020-10-31 00:00:00,A,1228000000.00,920000000.00,2.3000,2.3300,719000000.00,123000000.00,842000000.00,846000000.00,1991000000.00,2837000000.00,5339000000.00,5339000000.00
2023-09-30 00:00:00,APD,4418200000.00,3059900000.00,10.3300,10.3500,2300200000.00,551200000.00,2882400000.00,2739200000.00,1027800000.00,3767000000.00,12600000000.00,12600000000.00
2022-09-30 00:00:00,APD,4220900000.00,2882700000.00,10.1400,10.1600,2256100000.00,500800000.00,2754700000.00,2412500000.00,947600000.00,3360100000.00,12698600000.00,12698600000.00
2021-09-30 00:00:00,APD,3970500000.00,2649200000.00,9.4300,9.4700,2099100000.00,462800000.00,2507400000.00,2267800000.00,869100000.00,3136900000.00,10323000000.00,10323000000.00
2020-09-30 00:00:00,APD,3718100000.00,2533100000.00,8.4900,8.5300,1886700000.00,478400000.00,2423800000.00,2237600000.00,760600000.00,2998200000.00,8856300000.00,8856300000.00
2023-12-31 00:00:00,ABNB,2229000000.00,2185000000.00,7.2400,7.5200,4792000000.00,-2690000000.00,2102000000.00,1518000000.00,6696000000.00,8214000000.00,9917000000.00,9917000000.00
2022-12-31 00:00:00,ABNB,2094000000.00,2013000000.00,2.7900,2.9700,1893000000.00,96000000.00,1989000000.00,1891000000.00,5009000000.00,6900000000.00,8399000000.00,8399000000.00
2021-12-31 00:00:00,ABNB,276000000.00,138000000.00,-0.5700,-0.5700,-352000000.00,52000000.00,-300000000.00,542000000.00,4294000000.00,4836000000.00,5992000000.00,5992000000.00
2020-12-31 00:00:00,ABNB,-4384374000.00,-4510250000.00,-16.1200,-16.1200,-4584716000.00,-97222000.00,-4681938000.00,-3438792000.00,5940949000.00,2502157000.00,3378199000.00,3378199000.00
2023-12-31 00:00:00,AKAM,1241012000.00,670236000.00,3.5200,3.5900,547629000.00,106373000.00,652527000.00,703418000.00,1597439000.00,2300857000.00,3811920000.00,3811920000.00
2022-12-31 00:00:00,AKAM,1261853000.00,669099000.00,3.2600,3.2900,523672000.00,126696000.00,658003000.00,711040000.00,1521795000.00,2232835000.00,3616654000.00,3616654000.00
2021-12-31 00:00:00,AKAM,1351185000.00,800553000.00,3.9300,4.0100,651642000.00,62571000.00,728221000.00,807202000.00,1385065000.00,2192267000.00,3461223000.00,3461223000.00
2020-12-31 00:00:00,AKAM,1163591000.00,685202000.00,3.3700,3.4300,557054000.00,45922000.00,616082000.00,701674000.00,1363803000.00,2065477000.00,3198149000.00,3198149000.00
2019-12-31 00:00:00,AKAM,,,,,,,,,,,,
2023-12-31 00:00:00,ALB,792754000.00,362810000.00,13.3600,13.4100,1573476000.00,430277000.00,246738000.00,180691000.00,1005218000.00,1185909000.00,9617203000.00,9617203000.00
2022-12-31 00:00:00,ALB,2857258000.00,2556417000.00,22.8400,22.9700,2689816000.00,390588000.00,2433444000.00,2478461000.00,596126000.00,3074587000.00,7320104000.00,7320104000.00
2021-12-31 00:00:00,ALB,449094000.00,195094000.00,1.0600,1.0700,123672000.00,29446000.00,133618000.00,502463000.00,495508000.00,997971000.00,3327957000.00,3327957000.00
2020-12-31 00:00:00,ALB,678619000.00,446635000.00,3.5200,3.5300,375764000.00,54425000.00,373519000.00,505812000.00,489041000.00,994853000.00,3128909000.00,3128909000.00
2019-12-31 00:00:00,ALB,,,,,,,,,,,,
2023-12-31 00:00:00,ALGN,799055000.00,656654000.00,5.8100,5.8200,445053000.00,196151000.00,641204000.00,656654000.00,2050209000.00,2706863000.00,3862260000.00,3862260000.00
2022-12-31 00:00:00,ALGN,779841000.00,654048000.00,4.6100,4.6200,361573000.00,237484000.00,599057000.00,654048000.00,1979727000.00,2633775000.00,3734635000.00,3734635000.00
2021-12-31 00:00:00,ALGN,1085129000.00,976400000.00,9.6900,9.7800,772020000.00,240403000.00,1012423000.00,976400000.00,1958955000.00,2935355000.00,3952584000.00,3952584000.00
2020-12-31 00:00:00,ALGN,480709000.00,387171000.00,22.4100,22.5500,1775888000.00,-1396939000.00,378949000.00,387171000.00,1376064000.00,1763235000.00,2471941000.00,2471941000.00
2019-12-31 00:00:00,ALGN,,,,,,,,,,,,
2023-12-31 00:00:00,ALLE,821900000.00,710300000.00,6.1200,6.1500,540400000.00,76600000.00,617200000.00,715900000.00,865600000.00,1581500000.00,3650800000.00,3650800000.00
2022-12-31 00:00:00,ALLE,688300000.00,590400000.00,5.1900,5.2000,458000000.00,56200000.00,514500000.00,586400000.00,736000000.00,1322400000.00,3271900000.00,3271900000.00
2021-12-31 00:00:00,ALLE,657300000.00,574200000.00,5.3400,5.3700,483000000.00,40700000.00,524000000.00,530200000.00,674700000.00,1204900000.00,2867400000.00,2867400000.00
2020-12-31 00:00:00,ALLE,497500000.00,416500000.00,3.3900,3.4100,314300000.00,50900000.00,365400000.00,543100000.00,635700000.00,1178800000.00,2719900000.00,2719900000.00
2019-12-31 00:00:00,ALLE,,,,,,,,,,,,
2023-12-31 00:00:00,LNT,1803000000.00,1127000000.00,2.7800,2.7800,703000000.00,4000000.00,707000000.00,943000000.00,791000000.00,1734000000.00,4027000000.00,3937000000.00
2022-12-31 00:00:00,LNT,1720000000.00,1049000000.00,2.7300,2.7300,686000000.00,22000000.00,708000000.00,928000000.00,781000000.00,1709000000.00,4205000000.00,4112000000.00
2021-12-31 00:00:00,LNT,1541000000.00,884000000.00,2.6300,2.6300,674000000.00,-74000000.00,600000000.00,795000000.00,761000000.00,1556000000.00,3669000000.00,3586000000.00
2020-12-31 00:00:00,LNT,1473000000.00,858000000.00,2.4700,2.4700,624000000.00,-57000000.00,567000000.00,740000000.00,723000000.00,1463000000.00,3416000000.00,3342000000.00
2019-12-31 00:00:00,LNT,,,,,,,,,,,,
2023-12-31 00:00:00,LMT,10444000000.00,9014000000.00,27.5500,27.6500,6920000000.00,1178000000.00,8098000000.00,8507000000.00,-28000000.00,8479000000.00,67571000000.00,67571000000.00
2022-12-31 00:00:00,LMT,8707000000.00,7303000000.00,21.6600,21.7400,5732000000.00,948000000.00,6680000000.00,8348000000.00,-61000000.00,8287000000.00,65984000000.00,65984000000.00
2021-12-31 00:00:00,LMT,9483000000.00,8119000000.00,22.7600,22.8500,6315000000.00,1235000000.00,7550000000.00,9123000000.00,-62000000.00,9061000000.00,67044000000.00,67044000000.00
2020-12-31 00:00:00,LMT,10116000000.00,8826000000.00,24.3000,24.4000,6833000000.00,1347000000.00,8235000000.00,8644000000.00,10000000.00,8654000000.00,65398000000.00,65398000000.00
2019-12-31 00:00:00,LMT,,,,,,,,,,,,
2024-01-31 00:00:00,LOW,13581000000.00,11658000000.00,13.2000,13.2300,7726000000.00,2449000000.00,10175000000.00,11557000000.00,17287000000.00,28844000000.00,86377000000.00,85099000000.00
2023-01-31 00:00:00,LOW,12177000000.00,10196000000.00,10.1700,10.2000,6437000000.00,2599000000.00,9036000000.00,10159000000.00,22098000000.00,32257000000.00,97059000000.00,95570000000.00
2022-01-31 00:00:00,LOW,13987000000.00,12105000000.00,12.0400,12.0700,8442000000.00,2766000000.00,11208000000.00,12093000000.00,19963000000.00,32056000000.00,96250000000.00,94719000000.00
2021-01-31 00:00:00,LOW,10205000000.00,8611000000.00,7.7500,7.7700,5835000000.00,1904000000.00,7739000000.00,9647000000.00,19925000000.00,29572000000.00,89597000000.00,87995000000.00
2020-01-31 00:00:00,LOW,,,,,,,,,,,,
2024-01-31 00:00:00,LULU,2586561000.00,2207177000.00,12.2000,12.2300,1550190000.00,625545000.00,2175735000.00,2207177000.00,3402228000.00,5609405000.00,9619278000.00,9619278000.00
2023-01-31 00:00:00,LULU,2017932000.00,1726141000.00,6.6800,6.7000,854800000.00,477771000.00,1332571000.00,1726141000.00,2766199000.00,4492340000.00,8110518000.00,8110518000.00
2022-01-31 00:00:00,LULU,1598955000.00,1374749000.00,7.4900,7.5200,975322000.00,358547000.00,1333869000.00,1374749000.00,2233816000.00,3608565000.00,6256617000.00,6256617000.00
2021-01-31 00:00:00,LULU,1035306000.00,849828000.00,4.5000,4.5200,588913000.00,230437000.00,819350000.00,849828000.00,1614163000.00,2463991000.00,4401879000.00,4401879000.00
2023-12-31 00:00:00,LYB,4638000000.00,3104000000.00,6.4600,6.4800,2114000000.00,501000000.00,2627000000.00,3571000000.00,1687000000.00,5258000000.00,41107000000.00,41107000000.00
2022-12-31 00:00:00,LYB,6330000000.00,5063000000.00,11.8100,11.8400,3882000000.00,882000000.00,4776000000.00,5170000000.00,1434000000.00,6604000000.00,50451000000.00,50451000000.00
2023-12-31 00:00:00,GOOGL,97971000000.00,86025000000.00,5.8000,5.8400,73795000000.00,11922000000.00,85717000000.00,84293000000.00,89769000000.00,174062000000.00,307394000000.00,307394000000.00
2022-12-31 00:00:00,GOOGL,85160000000.00,71685000000.00,4.5600,4.5900,59972000000.00,11356000000.00,71328000000.00,74842000000.00,81791000000.00,156633000000.00,282836000000.00,282836000000.00
2021-12-31 00:00:00,GOOGL,103521000000.00,91080000000.00,5.6100,5.6940,76033000000.00,14701000000.00,90734000000.00,78714000000.00,67984000000.00,146698000000.00,257637000000.00,257637000000.00
2020-12-31 00:00:00,GOOGL,61914000000.00,48217000000.00,2.9305,2.9575,40269000000.00,7813000000.00,48082000000.00,41224000000.00,56571000000.00,97795000000.00,182527000000.00,182527000000.00
2019-12-31 00:00:00,GOOGL,,,,,,,,,,,,
2023-12-31 00:00:00,GOOG,97971000000.00,86025000000.00,5.8000,5.8400,73795000000.00,11922000000.00,85717000000.00,84293000000.00,89769000000.00,174062000000.00,307394000000.00,307394000000.00
2022-12-31 00:00:00,GOOG,85160000000.00,71685000000.00,4.5600,4.5900,59972000000.00,11356000000.00,71328000000.00,74842000000.00,81791000000.00,156633000000.00,282836000000.00,282836000000.00
2021-12-31 00:00:00,GOOG,103521000000.00,91080000000.00,5.6100,5.6940,76033000000.00,14701000000.00,90734000000.00,78714000000.00,67984000000.00,146698000000.00,257637000000.00,257637000000.00
2020-12-31 00:00:00,GOOG,61914000000.00,48217000000.00,2.9305,2.9575,40269000000.00,7813000000.00,48082000000.00,41224000000.00,56571000000.00,97795000000.00,182527000000.00,182527000000.00
2019-12-31 00:00:00,GOOG,,,,,,,,,,,,
2023-12-31 00:00:00,MO,12349000000.00,12077000000.00,4.5700,4.6103,8130000000.00,2798000000.00,10928000000.00,11547000000.00,2737000000.00,14284000000.00,20502000000.00,24483000000.00
2022-12-31 00:00:00,MO,8743000000.00,8517000000.00,3.1900,3.2282,5764000000.00,1625000000.00,7389000000.00,11919000000.00,2327000000.00,14246000000.00,20688000000.00,25096000000.00
2021-12-31 00:00:00,MO,5256000000.00,5012000000.00,1.3400,1.3575,2475000000.00,1349000000.00,3824000000.00,11560000000.00,2432000000.00,13992000000.00,21111000000.00,26013000000.00
2020-12-31 00:00:00,MO,8370000000.00,8113000000.00,2.4000,2.4000,4467000000.00,2436000000.00,6890000000.00,10873000000.00,2150000000.00,13023000000.00,20841000000.00,26153000000.00
2019-12-31 00:00:00,MO,,,,,,,,,,,,
2023-12-31 00:00:00,AMZN,89402000000.00,40739000000.00,2.9000,2.9500,30425000000.00,7120000000.00,37557000000.00,36852000000.00,56953000000.00,93805000000.00,574785000000.00,574785000000.00
2022-12-31 00:00:00,AMZN,38352000000.00,-3569000000.00,-0.2700,-0.2700,-2722000000.00,-3217000000.00,-5936000000.00,12248000000.00,55392000000.00,67640000000.00,513983000000.00,513983000000.00
2021-12-31 00:00:00,AMZN,74393000000.00,39960000000.00,3.2405,3.2980,33364000000.00,4791000000.00,38151000000.00,24879000000.00,41436000000.00,66315000000.00,469822000000.00,469822000000.00
2020-12-31 00:00:00,AMZN,51076000000.00,25825000000.00,2.0915,2.1320,21331000000.00,2863000000.00,24178000000.00,22899000000.00,28601000000.00,51500000000.00,386064000000.00,386064000000.00
2019-12-31 00:00:00,AMZN,,,,,,,,,,,,
2024-06-30 00:00:00,AMCR,1850000000.00,1255000000.00,0.5050,0.5050,730000000.00,163000000.00,907000000.00,1311000000.00,1401000000.00,2712000000.00,13640000000.00,13640000000.00
2023-06-30 00:00:00,AMCR,2127000000.00,1541000000.00,0.7050,0.7090,1048000000.00,193000000.00,1251000000.00,1404000000.00,1321000000.00,2725000000.00,14694000000.00,14694000000.00
2022-06-30 00:00:00,AMCR,1899000000.00,1274000000.00,0.5290,0.5320,805000000.00,300000000.00,1115000000.00,1473000000.00,1347000000.00,2820000000.00,14544000000.00,14544000000.00
2021-06-30 00:00:00,AMCR,1920000000.00,1346000000.00,0.6020,0.6040,939000000.00,261000000.00,1193000000.00,1415000000.00,1317000000.00,2732000000.00,12861000000.00,12861000000.00
2020-06-30 00:00:00,AMCR,,,,,,,,,,,,
2023-12-31 00:00:00,AEE,3406000000.00,1906000000.00,4.3800,4.3900,1152000000.00,183000000.00,1340000000.00,1853000000.00,1614000000.00,3467000000.00,7500000000.00,7500000000.00
2022-12-31 00:00:00,AEE,3179000000.00,1741000000.00,4.1400,4.1600,1074000000.00,176000000.00,1255000000.00,1699000000.00,1644000000.00,3343000000.00,7957000000.00,7957000000.00
2021-12-31 00:00:00,AEE,2812000000.00,1535000000.00,3.8400,3.8600,990000000.00,157000000.00,1152000000.00,1469000000.00,1522000000.00,2991000000.00,6394000000.00,6394000000.00
2020-12-31 00:00:00,AEE,2604000000.00,1451000000.00,3.5000,3.5300,871000000.00,155000000.00,1032000000.00,1300000000.00,1558000000.00,2858000000.00,5794000000.00,5794000000.00
2019-12-31 00:00:00,AEE,,,,,,,,,,,,
2023-12-31 00:00:00,AAL,5520000000.00,3266000000.00,1.2100,1.2600,822000000.00,299000000.00,1121000000.00,4005000000.00,7805000000.00,11810000000.00,52788000000.00,49324000000.00
2022-12-31 00:00:00,AAL,4446000000.00,2148000000.00,0.1900,0.2000,127000000.00,59000000.00,186000000.00,1800000000.00,7237000000.00,9037000000.00,48971000000.00,45801000000.00
2021-12-31 00:00:00,AAL,1587000000.00,-748000000.00,-3.0900,-3.0900,-1993000000.00,-555000000.00,-2548000000.00,-5065000000.00,5092000000.00,27000000.00,29882000000.00,27377000000.00
2020-12-31 00:00:00,AAL,-7856000000.00,-10226000000.00,-18.3600,-18.3600,-8885000000.00,-2568000000.00,-11453000000.00,-11078000000.00,3852000000.00,-7226000000.00,17337000000.00,15287000000.00
2019-12-31 00:00:00,AAL,,,,,,,,,,,,
2023-12-31 00:00:00,AEP,7202600000.00,4015600000.00,4.2400,4.2600,2208100000.00,54600000.00,2208700000.00,3734500000.00,7393200000.00,11127700000.00,18982300000.00,18524200000.00
2022-12-31 00:00:00,AEP,7102200000.00,3816500000.00,4.4900,4.5100,2307200000.00,5400000.00,2420400000.00,3778500000.00,7513700000.00,11292200000.00,19639500000.00,19231300000.00
2021-12-31 00:00:00,AEP,6757400000.00,3711000000.00,4.9600,4.9700,2488100000.00,115500000.00,2511900000.00,3422900000.00,6781000000.00,10203900000.00,16792000000.00,16424600000.00
2020-12-31 00:00:00,AEP,6218600000.00,3311800000.00,4.4200,4.4400,2200100000.00,40500000.00,2146100000.00,2987700000.00,6550700000.00,9538400000.00,14918500000.00,14612900000.00
2019-12-31 00:00:00,AEP,,,,,,,,,,,,
2023-12-31 00:00:00,AMT,6006000000.00,2919500000.00,3.1800,3.1800,1483300000.00,154200000.00,1521300000.00,3776500000.00,4107100000.00,7883600000.00,11144200000.00,11144200000.00
2019-12-31 00:00:00,CDW,,,,,,,,,,,,
2021-12-31 00:00:00,LYB,8698000000.00,7305000000.00,16.7500,16.7700,5610000000.00,1163000000.00,6786000000.00,7397000000.00,1379000000.00,8776000000.00,46173000000.00,46173000000.00
2022-12-31 00:00:00,AMT,6212300000.00,2857200000.00,3.8200,3.8300,1765800000.00,24000000.00,1720700000.00,3036600000.00,4410700000.00,7447300000.00,10711100000.00,10711100000.00
2021-12-31 00:00:00,AMT,6032900000.00,3700300000.00,5.6600,5.6900,2567700000.00,261800000.00,2829400000.00,3328400000.00,3346500000.00,6674900000.00,9356900000.00,9356900000.00
2020-12-31 00:00:00,AMT,4496900000.00,2614600000.00,3.7900,3.8100,1690600000.00,129600000.00,1821100000.00,3127600000.00,2686700000.00,5814300000.00,8041500000.00,8041500000.00
2019-12-31 00:00:00,AMT,,,,,,,,,,,,
2023-12-31 00:00:00,AWK,2360000000.00,1656000000.00,4.9000,4.9000,944000000.00,252000000.00,1196000000.00,1504000000.00,1010000000.00,2514000000.00,4234000000.00,4234000000.00
2022-12-31 00:00:00,AWK,2090000000.00,1441000000.00,4.5100,4.5100,820000000.00,188000000.00,1008000000.00,1273000000.00,930000000.00,2203000000.00,3792000000.00,3792000000.00
2021-12-31 00:00:00,AWK,2679000000.00,2043000000.00,6.9500,6.9600,1263000000.00,377000000.00,1640000000.00,1196000000.00,957000000.00,2153000000.00,3930000000.00,3930000000.00
2020-12-31 00:00:00,AWK,1925000000.00,1321000000.00,3.9100,3.9100,709000000.00,215000000.00,924000000.00,1248000000.00,907000000.00,2155000000.00,3777000000.00,3777000000.00
2019-12-31 00:00:00,AWK,,,,,,,,,,,,
2023-12-31 00:00:00,AME,2025843000.00,1688207000.00,5.6700,5.7000,1313188000.00,293224000.00,1606412000.00,1707459000.00,677006000.00,2384465000.00,6596950000.00,6596950000.00
2022-12-31 00:00:00,AME,1831305000.00,1511878000.00,5.0100,5.0400,1159542000.00,269150000.00,1428692000.00,1500692000.00,644577000.00,2145269000.00,6150530000.00,6150530000.00
2021-12-31 00:00:00,AME,1595663000.00,1303551000.00,4.2500,4.2900,990053000.00,233117000.00,1223170000.00,1308670000.00,603944000.00,1912614000.00,5546514000.00,5546514000.00
2020-12-31 00:00:00,AME,1423646000.00,1168371000.00,3.7700,3.8000,872439000.00,209870000.00,1082309000.00,1027884000.00,515630000.00,1543514000.00,4540029000.00,4540029000.00
2023-12-31 00:00:00,AMGN,14801000000.00,10730000000.00,12.4900,12.5600,6717000000.00,1138000000.00,7855000000.00,7897000000.00,11842000000.00,19739000000.00,28190000000.00,26910000000.00
2022-12-31 00:00:00,AMGN,12169000000.00,8752000000.00,12.1100,12.1800,6552000000.00,794000000.00,7346000000.00,9566000000.00,10351000000.00,19917000000.00,26323000000.00,24801000000.00
2021-12-31 00:00:00,AMGN,11296000000.00,7898000000.00,10.2800,10.3400,5893000000.00,808000000.00,6701000000.00,9144000000.00,10381000000.00,19525000000.00,25979000000.00,24297000000.00
2020-12-31 00:00:00,AMGN,12996000000.00,9395000000.00,12.3100,12.4000,7264000000.00,869000000.00,8133000000.00,9139000000.00,10126000000.00,19265000000.00,25424000000.00,24240000000.00
2019-12-31 00:00:00,AMGN,,,,,,,,,,,,
2023-12-31 00:00:00,APH,3000700000.00,2594300000.00,1.5550,1.6150,1928000000.00,509300000.00,2454800000.00,2594200000.00,1489900000.00,4084100000.00,12554700000.00,12554700000.00
2022-12-31 00:00:00,APH,2988700000.00,2595800000.00,1.5300,1.5950,1902300000.00,550600000.00,2467400000.00,2607300000.00,1420900000.00,4028200000.00,12623000000.00,12623000000.00
2021-12-31 00:00:00,APH,2500300000.00,2104700000.00,1.2700,1.3300,1590800000.00,409100000.00,1989200000.00,2175500000.00,1226300000.00,3401800000.00,10876300000.00,10876300000.00
2020-12-31 00:00:00,APH,1950100000.00,1642000000.00,0.9775,1.0100,1203400000.00,313300000.00,1526600000.00,1649900000.00,1014200000.00,2664100000.00,8598900000.00,8598900000.00
2019-12-31 00:00:00,APH,,,,,,,,,,,,
2023-10-31 00:00:00,ADI,6165747000.00,3872644000.00,6.5500,6.6000,3314579000.00,293424000.00,3608003000.00,3983822000.00,3893396000.00,7877218000.00,12305539000.00,12305539000.00
2022-10-31 00:00:00,ADI,5596656000.00,3299157000.00,5.2500,5.2900,2748561000.00,350188000.00,3098749000.00,3553209000.00,3979265000.00,7532474000.00,12013953000.00,12013953000.00
2021-10-31 00:00:00,ADI,2588173000.00,1513539000.00,3.4600,3.5000,1390422000.00,-61708000.00,1328714000.00,1776657000.00,2748355000.00,4525012000.00,7318286000.00,7318286000.00
2020-10-31 00:00:00,ADI,2315845000.00,1504922000.00,3.2800,3.3100,1220761000.00,90856000.00,1311617000.00,1550581000.00,2139897000.00,3690478000.00,5603056000.00,5603056000.00
2019-10-31 00:00:00,ADI,,,,,,,,,,,,
2023-12-31 00:00:00,ANSS,771787000.00,639283000.00,5.7300,5.7600,500412000.00,91726000.00,592138000.00,626135000.00,1372516000.00,1998651000.00,2269949000.00,2269949000.00
2022-12-31 00:00:00,ANSS,712604000.00,598041000.00,5.9900,6.0200,523710000.00,51605000.00,575315000.00,592658000.00,1222254000.00,1814912000.00,2065553000.00,2065553000.00
2021-12-31 00:00:00,ANSS,634626000.00,527759000.00,5.1600,5.2200,454627000.00,60727000.00,515354000.00,513271000.00,1135460000.00,1648731000.00,1906715000.00,1906715000.00
2020-12-31 00:00:00,ANSS,590188000.00,504913000.00,4.9700,5.0500,433887000.00,60038000.00,493925000.00,496356000.00,959677000.00,1456033000.00,1681297000.00,1681297000.00
2023-12-31 00:00:00,AON,3909000000.00,3653000000.00,12.5100,12.6000,2564000000.00,541000000.00,3169000000.00,3822000000.00,2652000000.00,6474000000.00,13376000000.00,13388000000.00
2022-12-31 00:00:00,AON,3826000000.00,3562000000.00,12.1400,12.2300,2589000000.00,510000000.00,3156000000.00,3490000000.00,2512000000.00,6002000000.00,12479000000.00,12496000000.00
2021-12-31 00:00:00,AON,2579000000.00,2253000000.00,5.5500,5.5900,1255000000.00,623000000.00,1931000000.00,2111000000.00,3344000000.00,5455000000.00,12193000000.00,12212000000.00
2020-12-31 00:00:00,AON,3213000000.00,2800000000.00,8.4500,8.4900,1969000000.00,448000000.00,2466000000.00,2794000000.00,2367000000.00,5161000000.00,11066000000.00,11066000000.00
2019-12-31 00:00:00,AON,,,,,,,,,,,,
2023-12-31 00:00:00,APA,4750000000.00,3210000000.00,9.2500,9.2600,2855000000.00,-324000000.00,2883000000.00,3376000000.00,851000000.00,4227000000.00,8279000000.00,8279000000.00
2022-12-31 00:00:00,APA,7281000000.00,6048000000.00,11.0200,11.0500,3604000000.00,1652000000.00,5734000000.00,5230000000.00,1025000000.00,6255000000.00,11075000000.00,11075000000.00
2021-12-31 00:00:00,APA,3661000000.00,2301000000.00,2.5900,2.6000,1135000000.00,578000000.00,1891000000.00,2920000000.00,620000000.00,3540000000.00,7985000000.00,7985000000.00
2020-12-31 00:00:00,APA,-2642000000.00,-4414000000.00,-12.8600,-12.8600,-4784000000.00,64000000.00,-4840000000.00,173000000.00,732000000.00,905000000.00,4435000000.00,4435000000.00
2019-12-31 00:00:00,APA,,,,,,,,,,,,
2023-09-30 00:00:00,AAPL,129188000000.00,117669000000.00,6.1300,6.1600,96995000000.00,16741000000.00,113736000000.00,114301000000.00,54847000000.00,169148000000.00,383285000000.00,383285000000.00
2022-09-30 00:00:00,AAPL,133138000000.00,122034000000.00,6.1100,6.1500,99803000000.00,19300000000.00,119103000000.00,119437000000.00,51345000000.00,170782000000.00,394328000000.00,394328000000.00
2021-09-30 00:00:00,AAPL,123136000000.00,111852000000.00,5.6100,5.6700,94680000000.00,14527000000.00,109207000000.00,108949000000.00,43887000000.00,152836000000.00,365817000000.00,365817000000.00
2020-09-30 00:00:00,AAPL,81020000000.00,69964000000.00,3.2800,3.3100,57411000000.00,9680000000.00,67091000000.00,66288000000.00,38668000000.00,104956000000.00,274515000000.00,274515000000.00
2023-10-31 00:00:00,AMAT,8469000000.00,7954000000.00,8.1100,8.1600,6856000000.00,860000000.00,7716000000.00,7654000000.00,4730000000.00,12384000000.00,26517000000.00,26517000000.00
2022-10-31 00:00:00,AMAT,8271000000.00,7827000000.00,7.4400,7.4900,6525000000.00,1074000000.00,7599000000.00,7784000000.00,4209000000.00,11993000000.00,25785000000.00,25785000000.00
2021-10-31 00:00:00,AMAT,7401000000.00,7007000000.00,6.4000,6.4700,5888000000.00,883000000.00,6771000000.00,7200000000.00,3714000000.00,10914000000.00,23063000000.00,23063000000.00
2020-10-31 00:00:00,AMAT,4782000000.00,4406000000.00,3.9200,3.9500,3619000000.00,547000000.00,4166000000.00,4365000000.00,3327000000.00,7692000000.00,17202000000.00,17202000000.00
2023-12-31 00:00:00,APTV,2534000000.00,1622000000.00,10.3900,10.5000,2938000000.00,-1928000000.00,1337000000.00,1770000000.00,1669000000.00,3439000000.00,20051000000.00,20051000000.00
2022-12-31 00:00:00,APTV,1971000000.00,1209000000.00,1.9600,1.9600,594000000.00,121000000.00,990000000.00,1348000000.00,1287000000.00,2635000000.00,17489000000.00,17489000000.00
2021-12-31 00:00:00,APTV,1833000000.00,1060000000.00,1.9400,1.9500,590000000.00,101000000.00,910000000.00,1213000000.00,1223000000.00,2436000000.00,15618000000.00,15618000000.00
2020-12-31 00:00:00,APTV,2882000000.00,2118000000.00,6.6600,6.7200,1804000000.00,49000000.00,1954000000.00,820000000.00,1120000000.00,1940000000.00,13066000000.00,13066000000.00
2019-12-31 00:00:00,APTV,,,,,,,,,,,,
2023-12-31 00:00:00,ADM,6000000000.00,4941000000.00,6.4300,6.4400,3483000000.00,828000000.00,4294000000.00,4057000000.00,3456000000.00,7513000000.00,93935000000.00,93935000000.00
2022-12-31 00:00:00,ADM,6657000000.00,5629000000.00,7.7100,7.9342,4340000000.00,868000000.00,5233000000.00,4212000000.00,3358000000.00,7570000000.00,101556000000.00,101556000000.00
2021-12-31 00:00:00,ADM,4574000000.00,3578000000.00,4.7900,4.8375,2709000000.00,578000000.00,3313000000.00,2993000000.00,2994000000.00,5987000000.00,85249000000.00,85249000000.00
2020-12-31 00:00:00,ADM,3198000000.00,2222000000.00,3.1500,3.1871,1772000000.00,101000000.00,1883000000.00,1766000000.00,2687000000.00,4453000000.00,64355000000.00,64355000000.00
2019-12-31 00:00:00,ADM,,,,,,,,,,,,
2023-12-31 00:00:00,ANET,2327879000.00,2257249000.00,6.5800,6.7500,2087321000.00,334705000.00,2422026000.00,2257249000.00,1373032000.00,3630281000.00,5860168000.00,5860168000.00
2022-12-31 00:00:00,ANET,1589806000.00,1527106000.00,4.2700,4.4100,1352446000.00,229350000.00,1581796000.00,1527106000.00,1148590000.00,2675696000.00,4381310000.00,4381310000.00
2021-12-31 00:00:00,ANET,975073000.00,924739000.00,2.6300,2.7400,840854000.00,90025000.00,930879000.00,924739000.00,956040000.00,1880779000.00,2948037000.00,2948037000.00
2020-12-31 00:00:00,ANET,734842000.00,699684000.00,1.9975,2.0875,634557000.00,104306000.00,738863000.00,699684000.00,782202000.00,1481886000.00,2317512000.00,2317512000.00
2019-12-31 00:00:00,ANET,,,,,,,,,,,,
2019-12-31 00:00:00,NDAQ,,,,,,,,,,,,
2023-12-31 00:00:00,AJG,2178300000.00,1481800000.00,4.4200,4.5100,969500000.00,219100000.00,1185100000.00,1859100000.00,2386200000.00,4245300000.00,10071900000.00,9377000000.00
2022-12-31 00:00:00,AJG,2183500000.00,1583900000.00,5.1900,5.2974,1114200000.00,211000000.00,1327000000.00,1666900000.00,1930500000.00,3597400000.00,8550600000.00,7928100000.00
2021-12-31 00:00:00,AJG,1767500000.00,1201200000.00,4.3700,4.4740,906800000.00,20100000.00,975100000.00,1337000000.00,1638700000.00,2975700000.00,8209400000.00,7639700000.00
2020-12-31 00:00:00,AJG,1629700000.00,1067300000.00,4.2000,4.2870,818800000.00,12800000.00,870900000.00,1040200000.00,1468900000.00,2509100000.00,7009400000.00,6489200000.00
2019-12-31 00:00:00,AJG,,,,,,,,,,,,
2023-12-31 00:00:00,T,45329000000.00,26552000000.00,1.9700,1.9700,14400000000.00,4225000000.00,19848000000.00,24654000000.00,47651000000.00,72305000000.00,122428000000.00,122428000000.00
2022-12-31 00:00:00,T,21035000000.00,3014000000.00,-1.1300,-1.1300,-8524000000.00,3780000000.00,-3094000000.00,22911000000.00,46982000000.00,69893000000.00,120741000000.00,120741000000.00
2021-12-31 00:00:00,T,53739000000.00,35887000000.00,2.7600,2.7700,20081000000.00,5395000000.00,29171000000.00,26110000000.00,47521000000.00,73631000000.00,134038000000.00,134038000000.00
2020-12-31 00:00:00,T,33585000000.00,5069000000.00,-0.7500,-0.7500,-5176000000.00,965000000.00,-2856000000.00,25285000000.00,66555000000.00,91840000000.00,171760000000.00,171760000000.00
2019-12-31 00:00:00,T,,,,,,,,,,,,
2023-09-30 00:00:00,ATO,1741249000.00,1136922000.00,6.1000,6.1000,885862000.00,113779000.00,999641000.00,1067147000.00,991131000.00,2058278000.00,4275357000.00,4275357000.00
2022-09-30 00:00:00,ATO,1490374000.00,954719000.00,5.6000,5.6100,774398000.00,77510000.00,851908000.00,920982000.00,887863000.00,1808845000.00,4201662000.00,4201662000.00
2021-09-30 00:00:00,ATO,1380830000.00,902853000.00,5.1200,5.1200,665563000.00,153736000.00,819299000.00,904998000.00,790756000.00,1695754000.00,3407490000.00,3407490000.00
2020-09-30 00:00:00,ATO,1261098000.00,831270000.00,4.8900,4.8900,601443000.00,145353000.00,746796000.00,824099000.00,708583000.00,1532682000.00,2821137000.00,2821137000.00
2024-01-31 00:00:00,ADSK,,,4.1900,4.2300,,,,,,,,
2023-01-31 00:00:00,ADSK,1139000000.00,989000000.00,3.7800,3.8100,823000000.00,123000000.00,946000000.00,989000000.00,3536000000.00,4525000000.00,5005000000.00,4716000000.00
2022-01-31 00:00:00,ADSK,766000000.00,618000000.00,2.2400,2.2600,497000000.00,68000000.00,565000000.00,618000000.00,3350000000.00,3968000000.00,4386000000.00,4136000000.00
2021-01-31 00:00:00,ADSK,722000000.00,598000000.00,5.4400,5.5200,1208000000.00,-661000000.00,547000000.00,629000000.00,2824000000.00,3453000000.00,3790000000.00,3564000000.00
2020-01-31 00:00:00,ADSK,476100000.00,348800000.00,,,214500000.00,80300000.00,294800000.00,343500000.00,2605900000.00,2949400000.00,3274300000.00,3138500000.00
2024-06-30 00:00:00,ADP,5795600000.00,5233700000.00,,,3752000000.00,1120300000.00,4872300000.00,4981200000.00,3744700000.00,8725900000.00,19202600000.00,19202600000.00
2023-06-30 00:00:00,ADP,5240200000.00,4690900000.00,8.2100,8.2500,3412000000.00,1025600000.00,4437600000.00,4558200000.00,3500600000.00,8058800000.00,18012200000.00,18012200000.00
2022-06-30 00:00:00,ADP,4401100000.00,3886000000.00,7.0000,7.0400,2948900000.00,855200000.00,3804100000.00,3864900000.00,3171500000.00,7036400000.00,16498300000.00,16498300000.00
2021-06-30 00:00:00,ADP,3931600000.00,3420900000.00,6.0700,6.1000,2598500000.00,762700000.00,3361200000.00,3324600000.00,3040500000.00,6365100000.00,15005400000.00,15005400000.00
2020-06-30 00:00:00,ADP,,,5.7000,5.7300,,,,,,,,
2023-08-31 00:00:00,AZO,3983617000.00,3486040000.00,132.3600,136.6000,2528426000.00,639188000.00,3167614000.00,3473986000.00,5596436000.00,9070422000.00,17457209000.00,17457209000.00
2022-08-31 00:00:00,AZO,3719000000.00,3276777000.00,117.1900,120.8300,2429604000.00,649487000.00,3079091000.00,3270729000.00,5201921000.00,8472650000.00,16252230000.00,16252230000.00
2021-08-31 00:00:00,AZO,3357627000.00,2949944000.00,95.1900,97.6000,2170314000.00,578876000.00,2749190000.00,2944527000.00,4773258000.00,7717785000.00,14629585000.00,14629585000.00
2020-08-31 00:00:00,AZO,2820834000.00,2423368000.00,71.9300,73.6200,1732972000.00,483542000.00,2216514000.00,2417679000.00,4353074000.00,6770753000.00,12631967000.00,12631967000.00
2023-12-31 00:00:00,AVB,1961548000.00,1144583000.00,6.5600,6.5600,928825000.00,10153000.00,938591000.00,886278000.00,893499000.00,1779777000.00,2767909000.00,2767909000.00
2022-12-31 00:00:00,AVB,2196136000.00,1381158000.00,8.1200,8.1300,1136775000.00,14646000.00,1151084000.00,785290000.00,889042000.00,1674332000.00,2593446000.00,2593446000.00
2021-12-31 00:00:00,AVB,1989100000.00,1230504000.00,7.1900,7.1900,1004299000.00,5733000.00,1010089000.00,612701000.00,828207000.00,1440908000.00,2294850000.00,2294850000.00
2020-12-31 00:00:00,AVB,1745941000.00,1038610000.00,5.8900,5.8900,827630000.00,-3247000.00,824459000.00,710485000.00,767674000.00,1478159000.00,2301261000.00,2301261000.00
2019-12-31 00:00:00,AVB,,,,,,,,,,,,
2023-12-31 00:00:00,AVY,1112100000.00,813700000.00,6.2000,6.2488,503000000.00,191700000.00,694700000.00,963800000.00,1313700000.00,2277500000.00,8364300000.00,8364300000.00
2022-12-31 00:00:00,AVY,1374100000.00,1083400000.00,9.2100,9.2800,757100000.00,242200000.00,999300000.00,1073400000.00,1330800000.00,2404200000.00,9039300000.00,9039300000.00
2021-12-31 00:00:00,AVY,1306900000.00,1062800000.00,8.8300,8.9389,740100000.00,248600000.00,992600000.00,1064300000.00,1248500000.00,2312800000.00,8408300000.00,8408300000.00
2020-12-31 00:00:00,AVY,1012600000.00,807300000.00,6.6100,6.6641,555900000.00,177700000.00,737300000.00,862800000.00,1060500000.00,1923300000.00,6971500000.00,6971500000.00
2019-12-31 00:00:00,AVY,,,,,,,,,,,,
2023-12-31 00:00:00,AXON,194633000.00,161995000.00,2.3100,2.3500,174227000.00,-19227000.00,155000000.00,154789000.00,800593000.00,955382000.00,1563391000.00,1563391000.00
2022-12-31 00:00:00,AXON,221387000.00,197006000.00,2.0300,2.0700,147139000.00,49379000.00,196518000.00,93253000.00,635385000.00,728638000.00,1189935000.00,1189935000.00
2021-12-31 00:00:00,AXON,-149429000.00,-168123000.00,-0.9100,-0.9100,-60018000.00,-81357000.00,-141375000.00,-168123000.00,709033000.00,540910000.00,863381000.00,863381000.00
2020-12-31 00:00:00,AXON,-1675000.00,-14150000.00,-0.0300,-0.0300,-1724000.00,-4567000.00,-6291000.00,-14150000.00,430481000.00,416331000.00,681003000.00,681003000.00
2019-12-31 00:00:00,AXON,,,,,,,,,,,,
2023-12-31 00:00:00,BKR,3958000000.00,2871000000.00,1.9100,1.9300,1943000000.00,685000000.00,2655000000.00,2640000000.00,2611000000.00,5251000000.00,25506000000.00,25506000000.00
2022-12-31 00:00:00,BKR,1335000000.00,274000000.00,-0.6100,-0.6100,-601000000.00,600000000.00,22000000.00,1890000000.00,2510000000.00,4400000000.00,21156000000.00,21156000000.00
2021-12-31 00:00:00,BKR,1832000000.00,727000000.00,-0.2700,-0.2700,-219000000.00,758000000.00,428000000.00,1579000000.00,2470000000.00,4049000000.00,20502000000.00,20502000000.00
2020-12-31 00:00:00,BKR,-13621000000.00,-14938000000.00,-14.7300,-14.7300,-9940000000.00,559000000.00,-15202000000.00,795000000.00,2404000000.00,3199000000.00,20705000000.00,20705000000.00
2019-12-31 00:00:00,BKR,,,,,,,,,,,,
2023-12-31 00:00:00,BALL,1959000000.00,1273000000.00,2.2300,2.2500,707000000.00,123000000.00,814000000.00,1426000000.00,1244000000.00,2670000000.00,14029000000.00,14029000000.00
2022-12-31 00:00:00,BALL,1868000000.00,1196000000.00,2.2500,2.2700,719000000.00,159000000.00,884000000.00,1285000000.00,1298000000.00,2583000000.00,15349000000.00,15349000000.00
2021-12-31 00:00:00,BALL,1978000000.00,1278000000.00,2.6500,2.6900,878000000.00,156000000.00,1008000000.00,1433000000.00,1293000000.00,2726000000.00,13811000000.00,13811000000.00
2020-12-31 00:00:00,BALL,1630000000.00,962000000.00,1.7600,1.7900,585000000.00,99000000.00,687000000.00,1265000000.00,1193000000.00,2458000000.00,11781000000.00,11781000000.00
2019-12-31 00:00:00,BALL,,,,,,,,,,,,
2024-01-31 00:00:00,BBWI,1635000000.00,1366000000.00,3.8400,3.8600,878000000.00,143000000.00,1021000000.00,1285000000.00,1951000000.00,3236000000.00,7429000000.00,7429000000.00
2023-01-31 00:00:00,BBWI,1614000000.00,1393000000.00,3.4300,3.4500,800000000.00,251000000.00,1045000000.00,1376000000.00,1879000000.00,3255000000.00,7560000000.00,7560000000.00
2022-01-31 00:00:00,BBWI,2174000000.00,1811000000.00,4.8800,4.8842,1333000000.00,348000000.00,1423000000.00,2009000000.00,1846000000.00,3855000000.00,7882000000.00,7882000000.00
2021-01-31 00:00:00,BBWI,2075000000.00,1554000000.00,3.0000,3.0000,844000000.00,257000000.00,1122000000.00,1604000000.00,1492000000.00,3096000000.00,6434000000.00,6434000000.00
2020-01-31 00:00:00,BBWI,,,,,,,,,,,,
2023-12-31 00:00:00,BAX,1672000000.00,409000000.00,5.2500,5.2500,2656000000.00,-34000000.00,-103000000.00,412000000.00,4563000000.00,4975000000.00,14813000000.00,14813000000.00
2022-12-31 00:00:00,BAX,-855000000.00,-2235000000.00,-4.8300,-4.8300,-2433000000.00,4000000.00,-2650000000.00,631000000.00,4435000000.00,5066000000.00,14506000000.00,14506000000.00
2021-12-31 00:00:00,BAX,2190000000.00,1323000000.00,2.5300,2.5600,1284000000.00,83000000.00,1116000000.00,1336000000.00,3384000000.00,4720000000.00,12146000000.00,12146000000.00
2020-12-31 00:00:00,BAX,2268000000.00,1445000000.00,2.1300,2.1700,1102000000.00,182000000.00,1292000000.00,1551000000.00,3036000000.00,4587000000.00,11673000000.00,11673000000.00
2019-12-31 00:00:00,BAX,,,,,,,,,,,,
2023-09-30 00:00:00,BDX,4402000000.00,2114000000.00,4.9400,4.9700,1484000000.00,132000000.00,1662000000.00,2424000000.00,5746000000.00,8170000000.00,19372000000.00,19372000000.00
2022-09-30 00:00:00,BDX,4410000000.00,2181000000.00,5.8800,5.9300,1779000000.00,148000000.00,1783000000.00,2475000000.00,6002000000.00,8477000000.00,18870000000.00,18870000000.00
2021-09-30 00:00:00,BDX,4391000000.00,2161000000.00,6.8500,6.9200,2092000000.00,88000000.00,1692000000.00,2430000000.00,6201000000.00,8631000000.00,19131000000.00,19131000000.00
2019-12-31 00:00:00,ROP,,,,,,,,,,,,
2020-09-30 00:00:00,BDX,3057000000.00,942000000.00,2.7100,2.7500,874000000.00,62000000.00,414000000.00,1211000000.00,5587000000.00,6798000000.00,16074000000.00,16074000000.00
2024-01-31 00:00:00,BBY,2596000000.00,1673000000.00,5.6800,5.7000,1241000000.00,381000000.00,1621000000.00,1727000000.00,7876000000.00,9603000000.00,43452000000.00,43452000000.00
2023-01-31 00:00:00,BBY,2741000000.00,1823000000.00,6.2900,6.3100,1419000000.00,370000000.00,1788000000.00,1942000000.00,7970000000.00,9912000000.00,46298000000.00,46298000000.00
2022-01-31 00:00:00,BBY,3918000000.00,3049000000.00,9.8400,9.9400,2454000000.00,574000000.00,3024000000.00,3005000000.00,8635000000.00,11640000000.00,51761000000.00,51761000000.00
2021-01-31 00:00:00,BBY,3268000000.00,2429000000.00,6.8400,6.9300,1798000000.00,579000000.00,2377000000.00,2645000000.00,7928000000.00,10573000000.00,47262000000.00,47262000000.00
2020-01-31 00:00:00,BBY,,,,,,,,,,,,
2023-12-31 00:00:00,BIO,-654765000.00,-800665000.00,-21.8200,-21.8200,-637324000.00,-212780000.00,-850104000.00,337796000.00,1089150000.00,1426946000.00,2671262000.00,2671262000.00
2022-12-31 00:00:00,BIO,-4528859000.00,-4666159000.00,-121.7900,-121.7900,-3627535000.00,-1076738000.00,-4704273000.00,475116000.00,1092214000.00,1567330000.00,2802249000.00,2802249000.00
2021-12-31 00:00:00,BIO,5588206000.00,5450606000.00,140.5600,142.3300,4254257000.00,1194798000.00,5449055000.00,500336000.00,1137760000.00,1638096000.00,2922545000.00,2922545000.00
2020-12-31 00:00:00,BIO,5078468000.00,4939868000.00,126.2000,127.8600,3814229000.00,1103778000.00,4918007000.00,421326000.00,1016561000.00,1437887000.00,2545626000.00,2545626000.00
2019-12-31 00:00:00,BIO,,,,,,,,,,,,
2024-06-30 00:00:00,TECH,313136000.00,201425000.00,,,168105000.00,17584000.00,185689000.00,242895000.00,526830000.00,769725000.00,1159060000.00,1159060000.00
2023-06-30 00:00:00,TECH,457112000.00,349874000.00,1.7600,1.8100,285263000.00,53217000.00,338659000.00,290998000.00,478817000.00,769815000.00,1136702000.00,1136702000.00
2022-06-30 00:00:00,TECH,413764000.00,312695000.00,1.6575,1.7325,272051000.00,38287000.00,301386000.00,295828000.00,460668000.00,756496000.00,1105599000.00,1105599000.00
2021-06-30 00:00:00,TECH,249874000.00,162127000.00,0.8675,0.9050,140410000.00,8590000.00,148175000.00,242690000.00,390160000.00,632850000.00,931032000.00,931032000.00
2020-06-30 00:00:00,TECH,,,1.4550,1.5000,,,,,,,,
2023-12-31 00:00:00,BIIB,2038500000.00,1543700000.00,7.9700,8.0200,1161100000.00,135300000.00,1296800000.00,1831100000.00,5471100000.00,7302200000.00,9835600000.00,8936300000.00
2022-12-31 00:00:00,BIIB,4356800000.00,3838400000.00,20.8700,20.9600,3046900000.00,632800000.00,3591800000.00,2901900000.00,4993200000.00,7895100000.00,10173400000.00,9688300000.00
2021-12-31 00:00:00,BIIB,2880100000.00,1998800000.00,10.4000,10.4400,1556100000.00,52500000.00,1745200000.00,2808000000.00,6064000000.00,8872000000.00,10981700000.00,10505400000.00
2020-12-31 00:00:00,BIIB,5734800000.00,5270000000.00,24.8000,24.8600,4000600000.00,992300000.00,5047500000.00,4446300000.00,7193100000.00,11639400000.00,13444600000.00,12670000000.00
2019-12-31 00:00:00,BIIB,,,,,,,,,,,,
2023-12-31 00:00:00,BLK,7874000000.00,7447000000.00,36.5100,36.8500,5502000000.00,1479000000.00,7155000000.00,6333000000.00,2014000000.00,8347000000.00,17859000000.00,17859000000.00
2022-12-31 00:00:00,BLK,6920000000.00,6502000000.00,33.9700,34.3100,5178000000.00,1296000000.00,6290000000.00,6489000000.00,1938000000.00,8427000000.00,17873000000.00,17873000000.00
2021-12-31 00:00:00,BLK,8793000000.00,8378000000.00,38.0671,38.6050,5901000000.00,1968000000.00,8173000000.00,7488000000.00,1968000000.00,9456000000.00,19374000000.00,19374000000.00
2020-12-31 00:00:00,BLK,7087000000.00,6729000000.00,31.7226,32.0015,4932000000.00,1238000000.00,6524000000.00,6313000000.00,1670000000.00,7983000000.00,16205000000.00,16205000000.00
2023-12-31 00:00:00,BA,2315000000.00,454000000.00,-3.6700,-3.6700,-2222000000.00,237000000.00,-2005000000.00,-821000000.00,8545000000.00,7724000000.00,77794000000.00,77794000000.00
2022-12-31 00:00:00,BA,-482000000.00,-2461000000.00,-8.3000,-8.3000,-4935000000.00,31000000.00,-5022000000.00,-3509000000.00,7039000000.00,3530000000.00,66608000000.00,66608000000.00
2021-12-31 00:00:00,BA,-175000000.00,-2319000000.00,-7.1500,-7.1500,-4202000000.00,-743000000.00,-5033000000.00,-3357000000.00,6406000000.00,3049000000.00,62286000000.00,62286000000.00
2020-12-31 00:00:00,BA,-10074000000.00,-12320000000.00,-20.8800,-20.8800,-11941000000.00,-2535000000.00,-14476000000.00,-12978000000.00,7293000000.00,-5685000000.00,58158000000.00,58158000000.00
2023-12-31 00:00:00,BWA,1646000000.00,1064000000.00,2.6700,2.7199,625000000.00,289000000.00,991000000.00,1248000000.00,1320000000.00,2568000000.00,14198000000.00,14198000000.00
2022-12-31 00:00:00,BWA,1536000000.00,984000000.00,3.9900,4.0321,944000000.00,195000000.00,913000000.00,1083000000.00,1286000000.00,2369000000.00,12635000000.00,12635000000.00
2021-12-31 00:00:00,BWA,1166000000.00,592000000.00,2.2396,2.2396,537000000.00,65000000.00,510000000.00,1106000000.00,1067000000.00,2173000000.00,11803000000.00,11803000000.00
2020-12-31 00:00:00,BWA,1605000000.00,1037000000.00,2.0927,2.0927,500000000.00,397000000.00,964000000.00,921000000.00,989000000.00,1910000000.00,10165000000.00,10165000000.00
2019-12-31 00:00:00,BWA,,,,,,,,,,,,
2023-12-31 00:00:00,BSX,3446000000.00,2250000000.00,1.0700,1.0800,1593000000.00,393000000.00,1985000000.00,2417000000.00,7478000000.00,9895000000.00,14240000000.00,14240000000.00
2022-12-31 00:00:00,BSX,2747000000.00,1611000000.00,0.4500,0.4500,698000000.00,443000000.00,1141000000.00,2033000000.00,6693000000.00,8726000000.00,12682000000.00,12682000000.00
2021-12-31 00:00:00,BSX,2510000000.00,1417000000.00,0.6900,0.6900,1041000000.00,36000000.00,1076000000.00,1824000000.00,6353000000.00,8177000000.00,11888000000.00,11888000000.00
2020-12-31 00:00:00,BSX,1405000000.00,282000000.00,-0.1200,-0.1200,-82000000.00,2000000.00,-79000000.00,684000000.00,5719000000.00,6403000000.00,9913000000.00,9913000000.00
2023-12-31 00:00:00,BMY,19366000000.00,9606000000.00,3.8600,3.8800,8025000000.00,400000000.00,8440000000.00,8195000000.00,26118000000.00,34313000000.00,45006000000.00,44386000000.00
2022-12-31 00:00:00,BMY,19221000000.00,8945000000.00,2.9500,2.9700,6327000000.00,1368000000.00,7713000000.00,9104000000.00,26918000000.00,36022000000.00,46159000000.00,45413000000.00
2021-12-31 00:00:00,BMY,20118000000.00,9432000000.00,3.1200,3.2485,6994000000.00,1084000000.00,8098000000.00,8537000000.00,27908000000.00,36445000000.00,46385000000.00,45771000000.00
2020-12-31 00:00:00,BMY,4929000000.00,-5451000000.00,-3.9900,-3.9900,-9015000000.00,2124000000.00,-6871000000.00,2177000000.00,28568000000.00,30745000000.00,42518000000.00,41936000000.00
2019-12-31 00:00:00,BMY,,,,,,,,,,,,
2023-10-31 00:00:00,AVGO,20554000000.00,16719000000.00,3.2980,3.3930,14082000000.00,1015000000.00,15097000000.00,16451000000.00,8239000000.00,24690000000.00,35819000000.00,35819000000.00
2022-10-31 00:00:00,AVGO,19155000000.00,14171000000.00,2.6464,2.7371,11495000000.00,939000000.00,12434000000.00,14282000000.00,7813000000.00,22095000000.00,33203000000.00,33203000000.00
2021-10-31 00:00:00,AVGO,14691000000.00,8650000000.00,1.4963,1.5661,6736000000.00,29000000.00,6765000000.00,8667000000.00,8177000000.00,16844000000.00,27450000000.00,27450000000.00
2020-10-31 00:00:00,AVGO,11125000000.00,4220000000.00,0.6314,0.6603,2960000000.00,-518000000.00,2443000000.00,4212000000.00,9304000000.00,13516000000.00,23888000000.00,23888000000.00
2019-10-31 00:00:00,AVGO,,,,,,,,,,,,
2024-06-30 00:00:00,BR,1505500000.00,1027600000.00,5.8600,5.9300,698100000.00,179300000.00,877400000.00,1017100000.00,916800000.00,1933900000.00,6506800000.00,6506800000.00
2023-06-30 00:00:00,BR,1363600000.00,938600000.00,5.3000,5.3600,630600000.00,164300000.00,794900000.00,936400000.00,849000000.00,1785400000.00,6060900000.00,6060900000.00
2022-06-30 00:00:00,BR,1223900000.00,759900000.00,4.5500,4.6200,539100000.00,133100000.00,672200000.00,759900000.00,832300000.00,1592200000.00,5709100000.00,5709100000.00
2021-06-30 00:00:00,BR,1088400000.00,753700000.00,4.6500,4.7300,547500000.00,148700000.00,696200000.00,678600000.00,744300000.00,1422900000.00,4993700000.00,4993700000.00
2023-12-31 00:00:00,BRO,1549800000.00,1343800000.00,3.0500,3.0700,870500000.00,275600000.00,1146100000.00,1156900000.00,855900000.00,2012800000.00,4199400000.00,4199400000.00
2022-12-31 00:00:00,BRO,1210100000.00,1024300000.00,2.3700,2.3800,671800000.00,204300000.00,876100000.00,963700000.00,782600000.00,1746300000.00,3563200000.00,3563200000.00
2021-12-31 00:00:00,BRO,980700000.00,827800000.00,2.0700,2.0800,587100000.00,175700000.00,762800000.00,854700000.00,555900000.00,1410600000.00,3047500000.00,3047500000.00
2020-12-31 00:00:00,BRO,817900000.00,683100000.00,1.6900,1.7000,480500000.00,143600000.00,624100000.00,668900000.00,500800000.00,1169700000.00,2606100000.00,2606100000.00
2019-12-31 00:00:00,BRO,,,,,,,,,,,,
2023-12-31 00:00:00,BLDR,2734594000.00,2176319000.00,11.9400,12.0600,1540555000.00,443649000.00,1984204000.00,2176319000.00,3836015000.00,6012334000.00,17097330000.00,17097330000.00
2022-12-31 00:00:00,BLDR,4267346000.00,3770206000.00,16.8200,16.9800,2749369000.00,822464000.00,3571833000.00,3770206000.00,3974173000.00,7744379000.00,22726418000.00,22726418000.00
2021-12-31 00:00:00,BLDR,2934776000.00,2387424000.00,8.4800,8.5500,1725416000.00,526131000.00,2251547000.00,2387424000.00,3463532000.00,5850956000.00,19893856000.00,19893856000.00
2020-12-31 00:00:00,BLDR,660420000.00,543854000.00,2.6600,2.6900,313537000.00,94629000.00,408166000.00,543854000.00,1678730000.00,2222584000.00,8558874000.00,8558874000.00
2019-12-31 00:00:00,BLDR,,,,,,,,,,,,
2023-12-31 00:00:00,BG,4018000000.00,3567000000.00,14.8700,15.0700,2243000000.00,714000000.00,3051000000.00,3130000000.00,1715000000.00,4845000000.00,59540000000.00,59540000000.00
2022-12-31 00:00:00,BG,2877000000.00,2469000000.00,10.5100,10.7399,1610000000.00,388000000.00,2066000000.00,2313000000.00,1369000000.00,3682000000.00,67232000000.00,67232000000.00
2021-12-31 00:00:00,BG,3232000000.00,2808000000.00,13.6400,14.4906,2078000000.00,398000000.00,2565000000.00,2129000000.00,1234000000.00,3363000000.00,59152000000.00,59152000000.00
2020-12-31 00:00:00,BG,2113000000.00,1678000000.00,7.7100,8.0192,1145000000.00,248000000.00,1413000000.00,1427000000.00,1358000000.00,2785000000.00,41404000000.00,41404000000.00
2019-12-31 00:00:00,BG,,,,,,,,,,,,
2023-12-31 00:00:00,CHRW,613592000.00,514607000.00,2.7200,2.7400,325129000.00,84057000.00,409186000.00,514607000.00,624266000.00,1138873000.00,17596443000.00,17596443000.00
2022-12-31 00:00:00,CHRW,1359558000.00,1266782000.00,7.4000,7.4800,940524000.00,226241000.00,1166765000.00,1266782000.00,603415000.00,1870197000.00,24696625000.00,24696625000.00
2021-12-31 00:00:00,CHRW,1173367000.00,1082108000.00,6.3100,6.3700,844245000.00,178046000.00,1022291000.00,1082108000.00,526371000.00,1608479000.00,23102138000.00,23102138000.00
2020-12-31 00:00:00,CHRW,774995000.00,673268000.00,3.7200,3.7400,506421000.00,121910000.00,628331000.00,673268000.00,496122000.00,1169390000.00,16207106000.00,16207106000.00
2023-12-31 00:00:00,CDNS,1463854000.00,1318111000.00,3.8200,3.8600,1041144000.00,240782000.00,1281926000.00,1262238000.00,2392707000.00,3654945000.00,4089986000.00,4089986000.00
2022-12-31 00:00:00,CDNS,1203727000.00,1068297000.00,3.0900,3.1300,848952000.00,196411000.00,1045363000.00,1073741000.00,2116354000.00,3190095000.00,3561718000.00,3561718000.00
2021-12-31 00:00:00,CDNS,916117000.00,785415000.00,2.5000,2.5400,695955000.00,72480000.00,768435000.00,778041000.00,1903197000.00,2681238000.00,2988244000.00,2988244000.00
2020-12-31 00:00:00,CDNS,803633000.00,653497000.00,2.1100,2.1600,590644000.00,42104000.00,632748000.00,654767000.00,1722626000.00,2377393000.00,2682891000.00,2682891000.00
2023-12-31 00:00:00,CZR,3555000000.00,2294000000.00,3.6400,3.6500,786000000.00,-888000000.00,-60000000.00,2554000000.00,3579000000.00,6133000000.00,11528000000.00,10185000000.00
2022-12-31 00:00:00,CZR,2917000000.00,1712000000.00,-4.1900,-4.1900,-899000000.00,-41000000.00,-565000000.00,1861000000.00,3559000000.00,5420000000.00,10821000000.00,9550000000.00
2021-12-31 00:00:00,CZR,2168000000.00,1042000000.00,-4.8300,-4.8300,-1019000000.00,-283000000.00,-1269000000.00,1706000000.00,3217000000.00,4923000000.00,9570000000.00,8518000000.00
2020-12-31 00:00:00,CZR,179000000.00,-404000000.00,-13.5000,-13.5000,-1757000000.00,132000000.00,-1606000000.00,102000000.00,1680000000.00,1782000000.00,3628000000.00,3274000000.00
2019-12-31 00:00:00,CZR,,,,,,,,,,,,
2023-12-31 00:00:00,CPT,1122411000.00,547598000.00,3.7000,3.7100,403309000.00,3650000.00,414203000.00,323816000.00,633868000.00,957684000.00,1542027000.00,1542027000.00
2022-12-31 00:00:00,CPT,1354918000.00,777898000.00,6.0400,6.0700,653613000.00,2966000.00,664474000.00,261313000.00,632245000.00,893558000.00,1422756000.00,1422756000.00
2021-12-31 00:00:00,CPT,832258000.00,411566000.00,2.9600,2.9700,303907000.00,1893000.00,314269000.00,226182000.00,469528000.00,695710000.00,1143585000.00,1143585000.00
2020-12-31 00:00:00,CPT,589239000.00,222077000.00,1.2400,1.2400,123911000.00,1972000.00,130551000.00,210870000.00,409986000.00,620856000.00,1043837000.00,1043837000.00
2019-12-31 00:00:00,CPT,,,,,,,,,,,,
2024-07-31 00:00:00,CPB,1417000000.00,1006000000.00,,,567000000.00,190000000.00,757000000.00,1226000000.00,1745000000.00,2971000000.00,9636000000.00,9636000000.00
2023-07-31 00:00:00,CPB,1703000000.00,1316000000.00,2.8500,2.8700,858000000.00,270000000.00,1128000000.00,1312000000.00,1605000000.00,2917000000.00,9357000000.00,9357000000.00
2022-07-31 00:00:00,CPB,1501000000.00,1164000000.00,2.5100,2.5100,757000000.00,218000000.00,975000000.00,1148000000.00,1479000000.00,2627000000.00,8562000000.00,8562000000.00
2021-07-31 00:00:00,CPB,1863000000.00,1546000000.00,3.2900,3.3100,1002000000.00,328000000.00,1336000000.00,1270000000.00,1541000000.00,2811000000.00,8476000000.00,8476000000.00
2020-07-31 00:00:00,CPB,,,5.3600,5.3900,,,,,,,,
2024-06-30 00:00:00,CAH,1962000000.00,1252000000.00,3.4500,3.4800,852000000.00,348000000.00,1201000000.00,2130000000.00,5284000000.00,7414000000.00,226827000000.00,226827000000.00
2023-06-30 00:00:00,CAH,1439000000.00,747000000.00,1.2600,1.2700,330000000.00,332000000.00,663000000.00,1789000000.00,5085000000.00,6874000000.00,204979000000.00,204979000000.00
2022-06-30 00:00:00,CAH,55000000.00,-637000000.00,-3.3700,-3.3700,-938000000.00,153000000.00,-784000000.00,1648000000.00,4836000000.00,6484000000.00,181326000000.00,181326000000.00
2021-06-30 00:00:00,CAH,1286000000.00,503000000.00,2.0800,2.0900,611000000.00,-289000000.00,323000000.00,1794000000.00,4984000000.00,6778000000.00,162467000000.00,162467000000.00
2020-06-30 00:00:00,CAH,,,,,,,,,,,,
2024-02-29 00:00:00,KMX,1665459000.00,1405045000.00,3.0200,3.0300,479204000.00,162391000.00,641595000.00,-205719000.00,2918928000.00,2713209000.00,26536040000.00,25898081000.00
2023-02-28 00:00:00,KMX,1332726000.00,1067502000.00,3.0300,3.0500,484762000.00,152042000.00,636804000.00,-310946000.00,3111149000.00,2800203000.00,29684873000.00,29024082000.00
2022-02-28 00:00:00,KMX,2088429000.00,1815241000.00,6.9700,7.0900,1151297000.00,341049000.00,1492346000.00,551586000.00,2735956000.00,3287542000.00,31900412000.00,31200908000.00
2021-02-28 00:00:00,KMX,1607691000.00,1365535000.00,4.5200,4.5800,746919000.00,218338000.00,965257000.00,272869000.00,2106256000.00,2379125000.00,18950149000.00,18382336000.00
2023-11-30 00:00:00,CCL,4374000000.00,2004000000.00,-0.0600,-0.0600,-74000000.00,13000000.00,-62000000.00,1956000000.00,5320000000.00,7276000000.00,21593000000.00,21593000000.00
2022-11-30 00:00:00,CCL,-2196000000.00,-4471000000.00,-5.1600,-5.1600,-6093000000.00,14000000.00,-6080000000.00,-4378000000.00,4790000000.00,412000000.00,12169000000.00,12169000000.00
2021-11-30 00:00:00,CCL,-5688000000.00,-7921000000.00,-8.4600,-8.4600,-9501000000.00,-21000000.00,-9522000000.00,-6865000000.00,4118000000.00,-2747000000.00,1908000000.00,1908000000.00
2020-11-30 00:00:00,CCL,-7117000000.00,-9358000000.00,-13.2000,-13.2000,-10236000000.00,-17000000.00,-10253000000.00,-6770000000.00,4119000000.00,-2651000000.00,5594000000.00,5594000000.00
2023-12-31 00:00:00,CARR,2988000000.00,2446000000.00,1.5800,1.6100,1349000000.00,644000000.00,2084000000.00,2468000000.00,3915000000.00,6383000000.00,22098000000.00,22098000000.00
2022-12-31 00:00:00,CARR,4974000000.00,4594000000.00,4.1000,4.1900,3534000000.00,708000000.00,4292000000.00,2409000000.00,3055000000.00,5464000000.00,20421000000.00,20421000000.00
2021-12-31 00:00:00,CARR,2756000000.00,2418000000.00,1.8700,1.9200,1664000000.00,699000000.00,2400000000.00,2418000000.00,3562000000.00,5980000000.00,20613000000.00,20613000000.00
2020-12-31 00:00:00,CARR,3489000000.00,3153000000.00,2.2500,2.2900,1982000000.00,849000000.00,2855000000.00,1930000000.00,3179000000.00,5109000000.00,17456000000.00,17456000000.00
2019-12-31 00:00:00,CARR,,,,,,,,,,,,
2024-06-30 00:00:00,CTLT,-284000000.00,-773000000.00,-5.7600,-5.7600,-1043000000.00,16000000.00,-1027000000.00,-62000000.00,1015000000.00,953000000.00,4381000000.00,4381000000.00
2023-06-30 00:00:00,CTLT,266000000.00,-156000000.00,-1.4200,-1.4200,-256000000.00,-86000000.00,-342000000.00,47000000.00,993000000.00,1040000000.00,4263000000.00,4263000000.00
2022-06-30 00:00:00,CTLT,1080000000.00,702000000.00,2.8400,2.8500,499000000.00,80000000.00,579000000.00,729000000.00,885000000.00,1614000000.00,4802000000.00,4802000000.00
2021-06-30 00:00:00,CTLT,1114000000.00,825000000.00,3.1100,3.1500,585000000.00,130000000.00,715000000.00,646000000.00,706000000.00,1352000000.00,3998000000.00,3998000000.00
2020-06-30 00:00:00,CTLT,,,,,,,,,,,,
2023-12-31 00:00:00,CAT,15705000000.00,13561000000.00,20.1200,20.2400,10335000000.00,2781000000.00,13050000000.00,12966000000.00,10297000000.00,23263000000.00,67060000000.00,67060000000.00
2022-12-31 00:00:00,CAT,11414000000.00,9195000000.00,12.6400,12.7200,6705000000.00,2067000000.00,8752000000.00,8829000000.00,8683000000.00,17512000000.00,59427000000.00,59427000000.00
2021-12-31 00:00:00,CAT,11044000000.00,8692000000.00,11.8300,11.9300,6489000000.00,1742000000.00,8204000000.00,6878000000.00,8125000000.00,15003000000.00,50971000000.00,50971000000.00
2020-12-31 00:00:00,CAT,6941000000.00,4509000000.00,5.4600,5.5100,2998000000.00,1006000000.00,3995000000.00,4553000000.00,7524000000.00,12077000000.00,41748000000.00,41748000000.00
2019-12-31 00:00:00,CAT,,,,,,,,,,,,
2023-12-31 00:00:00,CBOE,1268000000.00,1110000000.00,7.1300,7.1600,761400000.00,286200000.00,1047600000.00,1065300000.00,426900000.00,1492200000.00,3773500000.00,3773500000.00
2022-12-31 00:00:00,CBOE,659700000.00,492900000.00,2.1900,2.2000,235000000.00,197900000.00,432900000.00,970400000.00,408300000.00,1378700000.00,3958500000.00,3958500000.00
2021-12-31 00:00:00,CBOE,971500000.00,804100000.00,4.9200,4.9300,529000000.00,227100000.00,756100000.00,821500000.00,366100000.00,1187600000.00,3494800000.00,3494800000.00
2020-12-31 00:00:00,CBOE,857600000.00,699100000.00,4.2700,4.2800,468200000.00,192200000.00,660400000.00,707400000.00,546900000.00,1254300000.00,3427100000.00,3427100000.00
2019-12-31 00:00:00,CBOE,,,,,,,,,,,,
2023-12-31 00:00:00,CBRE,1712000000.00,1090000000.00,3.1500,3.2000,986000000.00,250000000.00,1277000000.00,1090000000.00,5184000000.00,6274000000.00,31949000000.00,31949000000.00
2022-12-31 00:00:00,CBRE,1940000000.00,1327000000.00,4.2900,4.3600,1407000000.00,234000000.00,1658000000.00,1327000000.00,5262000000.00,6589000000.00,30828000000.00,30828000000.00
2021-12-31 00:00:00,CBRE,2092000000.00,1566000000.00,5.4100,5.4800,1837000000.00,568000000.00,2410000000.00,1566000000.00,4600000000.00,6166000000.00,27746000000.00,27746000000.00
2020-12-31 00:00:00,CBRE,1472370000.00,970642000.00,2.2200,2.2400,751989000.00,214101000.00,969969000.00,970642000.00,3807933000.00,4778575000.00,23826195000.00,23826195000.00
2019-12-31 00:00:00,CBRE,,,,,,,,,,,,
2023-12-31 00:00:00,CDW,1947500000.00,1676800000.00,8.1000,8.2000,1104300000.00,345900000.00,1450200000.00,1680900000.00,2971500000.00,4652400000.00,21376000000.00,21263200000.00
2022-12-31 00:00:00,CDW,2014100000.00,1723500000.00,8.1300,8.2400,1114500000.00,373300000.00,1487800000.00,1735200000.00,2951400000.00,4686600000.00,23748700000.00,23617900000.00
2021-12-31 00:00:00,CDW,1639900000.00,1448700000.00,7.0400,7.1400,988600000.00,309200000.00,1297800000.00,1419000000.00,2149500000.00,3568500000.00,20820800000.00,20698100000.00
2020-12-31 00:00:00,CDW,1582800000.00,1157200000.00,5.4500,5.5300,788500000.00,213800000.00,1002300000.00,1179200000.00,2030900000.00,3210100000.00,18467500000.00,18328300000.00
2023-12-31 00:00:00,CE,2642000000.00,1903000000.00,17.9200,18.0100,1960000000.00,-790000000.00,1183000000.00,1218000000.00,1385000000.00,2603000000.00,10940000000.00,10940000000.00
2022-12-31 00:00:00,CE,2304000000.00,1826000000.00,17.3400,17.4800,1894000000.00,-489000000.00,1421000000.00,1382000000.00,998000000.00,2380000000.00,9673000000.00,9673000000.00
2021-12-31 00:00:00,CE,2717000000.00,2339000000.00,16.8600,16.9900,1890000000.00,330000000.00,2248000000.00,1938000000.00,744000000.00,2682000000.00,8537000000.00,8537000000.00
2020-12-31 00:00:00,CE,2716000000.00,2360000000.00,16.7500,16.8500,1985000000.00,247000000.00,2251000000.00,715000000.00,578000000.00,1293000000.00,5655000000.00,5655000000.00
2019-12-31 00:00:00,CE,,,,,,,,,,,,
2023-09-30 00:00:00,COR,3417334000.00,2436486000.00,8.5300,8.6200,1745293000.00,428260000.00,2160836000.00,2685605000.00,6273888000.00,8959493000.00,262173411000.00,262173411000.00
2022-09-30 00:00:00,COR,3124874000.00,2415039000.00,8.0400,8.1500,1698820000.00,516517000.00,2183057000.00,2753510000.00,5542857000.00,8296367000.00,238587006000.00,238587006000.00
2021-09-30 00:00:00,COR,2910719000.00,2395933000.00,7.3900,7.4800,1539932000.00,677251000.00,2221859000.00,2843805000.00,4099423000.00,6943228000.00,213988843000.00,213988843000.00
2020-09-30 00:00:00,COR,-4747935000.00,-5155948000.00,-16.6500,-16.6500,-3408716000.00,-1894273000.00,-5293831000.00,2033605000.00,3158279000.00,5191884000.00,189893926000.00,189893926000.00
2023-12-31 00:00:00,CNC,5616000000.00,4323000000.00,4.9500,4.9700,2702000000.00,899000000.00,3598000000.00,3459000000.00,13856000000.00,17315000000.00,153999000000.00,140095000000.00
2022-12-31 00:00:00,CNC,4058000000.00,2627000000.00,2.0700,2.0900,1202000000.00,760000000.00,1962000000.00,3636000000.00,13020000000.00,16656000000.00,144547000000.00,135479000000.00
2021-12-31 00:00:00,CNC,3813000000.00,2478000000.00,2.2800,2.3100,1347000000.00,477000000.00,1813000000.00,3263000000.00,10936000000.00,14199000000.00,125982000000.00,117983000000.00
2020-12-31 00:00:00,CNC,4760000000.00,3501000000.00,3.1200,3.1700,1808000000.00,979000000.00,2773000000.00,3154000000.00,12062000000.00,15216000000.00,111115000000.00,103800000000.00
2019-12-31 00:00:00,CNC,,,,,,,,,,,,
2023-12-31 00:00:00,CNP,3189000000.00,1788000000.00,1.3700,1.3700,917000000.00,170000000.00,1087000000.00,1760000000.00,1926000000.00,3686000000.00,8696000000.00,8696000000.00
2022-12-31 00:00:00,CNP,3229000000.00,1941000000.00,1.5900,1.6000,1057000000.00,360000000.00,1417000000.00,1566000000.00,1831000000.00,3397000000.00,9321000000.00,9321000000.00
2021-12-31 00:00:00,CNP,2623000000.00,1307000000.00,2.2800,2.3500,1486000000.00,110000000.00,778000000.00,1363000000.00,1844000000.00,3207000000.00,8352000000.00,8352000000.00
2020-12-31 00:00:00,CNP,2281000000.00,1092000000.00,-1.7900,-1.7900,-773000000.00,80000000.00,563000000.00,1224000000.00,1705000000.00,2929000000.00,7418000000.00,7418000000.00
2019-12-31 00:00:00,CNP,,,,,,,,,,,,
2023-12-31 00:00:00,CF,3261000000.00,2392000000.00,7.8700,7.8900,1525000000.00,410000000.00,2248000000.00,2252000000.00,293000000.00,2545000000.00,6631000000.00,6631000000.00
2022-12-31 00:00:00,CF,6281000000.00,5431000000.00,16.3800,16.4500,3346000000.00,1158000000.00,5095000000.00,5571000000.00,290000000.00,5861000000.00,11186000000.00,11186000000.00
2021-12-31 00:00:00,CF,2606000000.00,1718000000.00,4.2400,4.2700,917000000.00,283000000.00,1543000000.00,2184000000.00,203000000.00,2387000000.00,6538000000.00,6538000000.00
2020-12-31 00:00:00,CF,1540000000.00,648000000.00,1.4700,1.4800,317000000.00,31000000.00,463000000.00,598000000.00,203000000.00,801000000.00,4124000000.00,4124000000.00
2019-12-31 00:00:00,CF,,,,,,,,,,,,
2023-12-31 00:00:00,CRL,1032118000.00,717994000.00,9.2200,9.2700,474624000.00,100914000.00,581284000.00,617261000.00,885295000.00,1502556000.00,4129409000.00,4129409000.00
2022-12-31 00:00:00,CRL,986148000.00,682278000.00,9.4800,9.5700,486226000.00,130379000.00,622987000.00,650975000.00,811676000.00,1462651000.00,3976060000.00,3976060000.00
2021-12-31 00:00:00,CRL,820160000.00,554620000.00,7.6000,7.7700,390982000.00,81873000.00,480710000.00,589862000.00,744776000.00,1334638000.00,3540160000.00,3540160000.00
2020-12-31 00:00:00,CRL,768471000.00,533547000.00,7.2000,7.3500,364304000.00,81808000.00,447114000.00,432729000.00,640812000.00,1073541000.00,2923933000.00,2923933000.00
2019-12-31 00:00:00,CRL,,,,,,,,,,,,
2023-12-31 00:00:00,CHTR,20738000000.00,12042000000.00,29.9900,30.5400,4557000000.00,1593000000.00,6854000000.00,12506000000.00,12349000000.00,24855000000.00,54607000000.00,51810000000.00
2022-12-31 00:00:00,CHTR,20921000000.00,12018000000.00,30.7400,31.3000,5055000000.00,1613000000.00,7462000000.00,12243000000.00,12488000000.00,24731000000.00,54022000000.00,51848000000.00
2021-12-31 00:00:00,CHTR,19770000000.00,10425000000.00,24.4700,25.3400,4654000000.00,1068000000.00,6388000000.00,10855000000.00,12601000000.00,23456000000.00,51682000000.00,49926000000.00
2020-12-31 00:00:00,CHTR,17854000000.00,8150000000.00,15.4000,15.8500,3222000000.00,626000000.00,4302000000.00,8463000000.00,12735000000.00,21198000000.00,48097000000.00,47254000000.00
2019-12-31 00:00:00,CHTR,,,,,,,,,,,,
2023-12-31 00:00:00,CVX,45042000000.00,30053000000.00,11.3600,11.4100,21369000000.00,8173000000.00,29584000000.00,26229000000.00,34162000000.00,60391000000.00,196913000000.00,196913000000.00
2022-12-31 00:00:00,CVX,65485000000.00,50190000000.00,18.2800,18.3600,35465000000.00,14066000000.00,49674000000.00,39950000000.00,34032000000.00,73982000000.00,235717000000.00,235717000000.00
2021-12-31 00:00:00,CVX,39364000000.00,22351000000.00,8.1400,8.1500,15625000000.00,5950000000.00,21639000000.00,16180000000.00,29252000000.00,45432000000.00,155606000000.00,155606000000.00
2020-12-31 00:00:00,CVX,10436000000.00,-6756000000.00,-2.9600,-2.9600,-5543000000.00,-1892000000.00,-7453000000.00,-6097000000.00,28912000000.00,22815000000.00,94471000000.00,94471000000.00
2023-12-31 00:00:00,CMG,1952508000.00,1633114000.00,0.8868,0.8918,1228737000.00,391769000.00,1620506000.00,1633114000.00,952978000.00,2586092000.00,9871649000.00,9871649000.00
2022-12-31 00:00:00,CMG,1497928000.00,1211102000.00,0.6408,0.6456,899101000.00,282430000.00,1181531000.00,1211102000.00,851017000.00,2062119000.00,8634652000.00,8634652000.00
2021-12-31 00:00:00,CMG,1100155000.00,845498000.00,0.4580,0.4642,652984000.00,159779000.00,812763000.00,845498000.00,861511000.00,1707009000.00,7547061000.00,7547061000.00
2020-12-31 00:00:00,CMG,574790000.00,336256000.00,0.2504,0.2548,355766000.00,-61985000.00,293781000.00,336256000.00,704825000.00,1041081000.00,5984634000.00,5984634000.00
2019-12-31 00:00:00,CMG,,,,,,,,,,,,
2023-12-31 00:00:00,CHD,1303500000.00,1078300000.00,3.0500,3.0900,755600000.00,211800000.00,967400000.00,1057400000.00,1531100000.00,2588500000.00,5867900000.00,5867900000.00
2022-12-31 00:00:00,CHD,831900000.00,612900000.00,1.6800,1.7000,413900000.00,109400000.00,523300000.00,597800000.00,1652200000.00,2250000000.00,5375600000.00,5375600000.00
2021-12-31 00:00:00,CHD,1305300000.00,1086200000.00,3.3200,3.3800,827500000.00,204200000.00,1031700000.00,1079100000.00,1184400000.00,2263500000.00,5190100000.00,5190100000.00
2020-12-31 00:00:00,CHD,1224500000.00,1034800000.00,3.1200,3.1800,785900000.00,187900000.00,973800000.00,1029700000.00,1184500000.00,2214200000.00,4895800000.00,4895800000.00
2019-12-31 00:00:00,CHD,,,,,,,,,,,,
2024-05-31 00:00:00,CTAS,2516759000.00,2074375000.00,3.7875,3.8500,1571592000.00,402043000.00,1973635000.00,2068633000.00,2617783000.00,4686416000.00,9596615000.00,7465199000.00
2023-05-31 00:00:00,CTAS,2213542000.00,1804380000.00,3.2475,3.3025,1348010000.00,345138000.00,1693148000.00,1802664000.00,2370704000.00,4173368000.00,8815769000.00,6897130000.00
2022-05-31 00:00:00,CTAS,1987313000.00,1587612000.00,2.9125,2.9800,1235757000.00,263011000.00,1498768000.00,1587370000.00,2044876000.00,3632246000.00,7854459000.00,6226980000.00
2021-05-31 00:00:00,CTAS,1773910000.00,1385959000.00,2.5600,2.6300,1110968000.00,176781000.00,1287749000.00,1385492000.00,1929159000.00,3314651000.00,7116340000.00,5689632000.00
2020-05-31 00:00:00,CTAS,,,,,,,,,,,,
2024-07-31 00:00:00,CSCO,15747000000.00,13240000000.00,,,10320000000.00,1914000000.00,12234000000.00,12970000000.00,21858000000.00,34828000000.00,53803000000.00,53803000000.00
2023-07-31 00:00:00,CSCO,17471000000.00,15745000000.00,3.0700,3.0800,12613000000.00,2705000000.00,15318000000.00,15562000000.00,20191000000.00,35753000000.00,56998000000.00,56998000000.00
2022-07-31 00:00:00,CSCO,16794000000.00,14837000000.00,2.8200,2.8300,11812000000.00,2665000000.00,14477000000.00,13975000000.00,18273000000.00,32248000000.00,51557000000.00,51557000000.00
2021-07-31 00:00:00,CSCO,15558000000.00,13696000000.00,2.5000,2.5100,10591000000.00,2671000000.00,13262000000.00,13719000000.00,18175000000.00,31894000000.00,49818000000.00,49818000000.00
2020-07-31 00:00:00,CSCO,,,2.6400,2.6500,,,,,,,,
2024-06-30 00:00:00,CLX,723000000.00,488000000.00,,,280000000.00,106000000.00,398000000.00,894000000.00,2154000000.00,3048000000.00,7093000000.00,7093000000.00
2023-06-30 00:00:00,CLX,564000000.00,328000000.00,1.2000,1.2100,149000000.00,77000000.00,238000000.00,823000000.00,2085000000.00,2908000000.00,7389000000.00,7389000000.00
2022-06-30 00:00:00,CLX,937000000.00,713000000.00,3.7300,3.7500,462000000.00,136000000.00,607000000.00,719000000.00,1826000000.00,2545000000.00,7107000000.00,7107000000.00
2021-06-30 00:00:00,CLX,1210000000.00,999000000.00,5.5800,5.6600,710000000.00,181000000.00,900000000.00,1225000000.00,1974000000.00,3199000000.00,7341000000.00,7341000000.00
2020-06-30 00:00:00,CLX,,,7.3600,7.4600,,,,,,,,
2023-12-31 00:00:00,CME,4665600000.00,4313000000.00,8.8600,8.8700,3226200000.00,927400000.00,4153600000.00,3435700000.00,1314600000.00,4750300000.00,5578900000.00,5252200000.00
2022-12-31 00:00:00,CME,4015600000.00,3653000000.00,7.4000,7.4100,2691000000.00,799300000.00,3490300000.00,3015900000.00,1250400000.00,4266300000.00,5019400000.00,4753600000.00
2021-12-31 00:00:00,CME,3925900000.00,3540500000.00,7.2900,7.3000,2636400000.00,736700000.00,3373600000.00,2645200000.00,1207500000.00,3852700000.00,4689700000.00,4342000000.00
2019-12-31 00:00:00,SNA,,,,,,,,,,,,
2020-12-31 00:00:00,CME,3352700000.00,2888300000.00,5.8700,5.8800,2105200000.00,615700000.00,2722100000.00,2637400000.00,1389700000.00,4027100000.00,4883600000.00,4442800000.00
2023-12-31 00:00:00,CMS,2777000000.00,1597000000.00,2.9789,2.9789,887000000.00,147000000.00,954000000.00,1235000000.00,1627000000.00,2862000000.00,7462000000.00,7462000000.00
2022-12-31 00:00:00,CMS,2547000000.00,1421000000.00,2.8390,2.8390,837000000.00,93000000.00,902000000.00,1224000000.00,1538000000.00,2762000000.00,8596000000.00,8596000000.00
2021-12-31 00:00:00,CMS,2437000000.00,1323000000.00,4.6600,4.6600,1353000000.00,95000000.00,823000000.00,1146000000.00,1503000000.00,2649000000.00,7329000000.00,7329000000.00
2020-12-31 00:00:00,CMS,2357000000.00,1314000000.00,2.6400,2.6500,755000000.00,115000000.00,809000000.00,1230000000.00,1400000000.00,2630000000.00,6418000000.00,6418000000.00
2019-12-31 00:00:00,CMS,,,,,,,,,,,,
2023-12-31 00:00:00,KO,15607000000.00,14479000000.00,2.4700,2.4800,10714000000.00,2249000000.00,12952000000.00,13083000000.00,14151000000.00,27234000000.00,45754000000.00,45754000000.00
2022-12-31 00:00:00,KO,13828000000.00,12568000000.00,2.1900,2.2000,9542000000.00,2115000000.00,11686000000.00,12042000000.00,12962000000.00,25004000000.00,43004000000.00,43004000000.00
2021-12-31 00:00:00,KO,15474000000.00,14022000000.00,2.2500,2.2600,9771000000.00,2621000000.00,12425000000.00,11039000000.00,12259000000.00,23298000000.00,38655000000.00,38655000000.00
2020-12-31 00:00:00,KO,12722000000.00,11186000000.00,1.7900,1.8000,7747000000.00,1981000000.00,9749000000.00,9725000000.00,9856000000.00,19581000000.00,33014000000.00,33014000000.00
2019-12-31 00:00:00,KO,,,,,,,,,,,,
2023-12-31 00:00:00,CTSH,3383000000.00,2828000000.00,4.2100,4.2100,2126000000.00,668000000.00,2787000000.00,2918000000.00,3771000000.00,6689000000.00,19353000000.00,19353000000.00
2022-12-31 00:00:00,CTSH,3604000000.00,3035000000.00,4.4100,4.4200,2290000000.00,730000000.00,3016000000.00,2968000000.00,4012000000.00,6980000000.00,19428000000.00,19428000000.00
2021-12-31 00:00:00,CTSH,3410000000.00,2836000000.00,4.0500,4.0600,2137000000.00,693000000.00,2827000000.00,2826000000.00,4077000000.00,6903000000.00,18507000000.00,18507000000.00
2020-12-31 00:00:00,CTSH,2679000000.00,2120000000.00,2.5700,2.5800,1392000000.00,704000000.00,2096000000.00,2329000000.00,3652000000.00,5981000000.00,16652000000.00,16652000000.00
2019-12-31 00:00:00,CTSH,,,,,,,,,,,,
2023-12-31 00:00:00,CL,4246000000.00,3679000000.00,2.7700,2.7800,2300000000.00,937000000.00,3392000000.00,4085000000.00,7241000000.00,11326000000.00,19457000000.00,19457000000.00
2022-12-31 00:00:00,CL,3372000000.00,2827000000.00,2.1300,2.1300,1785000000.00,693000000.00,2660000000.00,3617000000.00,6631000000.00,10248000000.00,17967000000.00,17967000000.00
2021-12-31 00:00:00,CL,3760000000.00,3204000000.00,2.5500,2.5600,2166000000.00,749000000.00,3087000000.00,3910000000.00,6465000000.00,10375000000.00,17421000000.00,17421000000.00
2020-12-31 00:00:00,CL,4369000000.00,3830000000.00,3.1400,3.1500,2695000000.00,787000000.00,3647000000.00,3875000000.00,6142000000.00,10017000000.00,16471000000.00,16471000000.00
2019-12-31 00:00:00,CL,,,,,,,,,,,,
2023-12-31 00:00:00,CMCSA,38901000000.00,24565000000.00,3.7100,3.8675,15388000000.00,5371000000.00,20478000000.00,23313000000.00,61497000000.00,84810000000.00,121572000000.00,121572000000.00
2022-12-31 00:00:00,CMCSA,27001000000.00,13180000000.00,1.2100,1.2725,5370000000.00,4359000000.00,9284000000.00,22624000000.00,60590000000.00,83214000000.00,121427000000.00,121427000000.00
2021-12-31 00:00:00,CMCSA,37178000000.00,23374000000.00,3.0400,3.1234,14159000000.00,5259000000.00,19093000000.00,20817000000.00,57118000000.00,77935000000.00,116385000000.00,116385000000.00
2020-12-31 00:00:00,CMCSA,31753000000.00,18653000000.00,2.2800,2.2997,10534000000.00,3364000000.00,14065000000.00,17493000000.00,52950000000.00,70443000000.00,103564000000.00,103564000000.00
2019-12-31 00:00:00,CMCSA,,,,,,,,,,,,
2024-05-31 00:00:00,CAG,1447300000.00,1046400000.00,0.7200,0.7300,347200000.00,262500000.00,610200000.00,852800000.00,2480600000.00,3333400000.00,12050900000.00,12050900000.00
2023-05-31 00:00:00,CAG,1685300000.00,1315400000.00,1.4200,1.4300,683600000.00,218700000.00,901900000.00,1075300000.00,2189500000.00,3264800000.00,12277000000.00,12277000000.00
2022-05-31 00:00:00,CAG,1936100000.00,1560700000.00,1.8400,1.8500,888200000.00,290500000.00,1178700000.00,1346000000.00,1492800000.00,2838800000.00,11535900000.00,11535900000.00
2021-05-31 00:00:00,CAG,2220300000.00,1832600000.00,2.6600,2.6700,1298800000.00,193800000.00,1410300000.00,1776200000.00,1403000000.00,3179200000.00,11184700000.00,11184700000.00
2020-05-31 00:00:00,CAG,,,,,,,,,,,,
2023-12-31 00:00:00,COP,25621000000.00,17351000000.00,9.0600,9.0800,10957000000.00,5331000000.00,16288000000.00,15026000000.00,3177000000.00,18203000000.00,56141000000.00,56141000000.00
2022-12-31 00:00:00,COP,36787000000.00,29283000000.00,14.5700,14.6200,18680000000.00,9548000000.00,28228000000.00,25462000000.00,4551000000.00,30013000000.00,78494000000.00,78494000000.00
2021-12-31 00:00:00,COP,21046000000.00,13838000000.00,6.0700,6.0900,8079000000.00,4633000000.00,12712000000.00,12071000000.00,2697000000.00,14768000000.00,45828000000.00,45828000000.00
2020-12-31 00:00:00,COP,3439000000.00,-2082000000.00,-2.5100,-2.5100,-2701000000.00,-485000000.00,-3140000000.00,-1800000000.00,2641000000.00,841000000.00,18784000000.00,18784000000.00
2019-12-31 00:00:00,COP,,,,,,,,,,,,
2023-12-31 00:00:00,ED,6057000000.00,4026000000.00,7.2100,7.2500,2519000000.00,487000000.00,3003000000.00,2331000000.00,5074000000.00,7405000000.00,14663000000.00,14663000000.00
2022-12-31 00:00:00,ED,5105000000.00,3049000000.00,4.6600,4.6800,1660000000.00,498000000.00,2098000000.00,2624000000.00,5061000000.00,7685000000.00,15670000000.00,15670000000.00
2021-12-31 00:00:00,ED,4334000000.00,2302000000.00,3.8500,3.8600,1346000000.00,190000000.00,1383000000.00,2826000000.00,4842000000.00,7668000000.00,13676000000.00,13676000000.00
2020-12-31 00:00:00,ED,4173000000.00,2253000000.00,3.2800,3.2900,1101000000.00,90000000.00,1234000000.00,2654000000.00,4495000000.00,7149000000.00,12246000000.00,12246000000.00
2019-12-31 00:00:00,ED,,,,,,,,,,,,
2024-02-29 00:00:00,STZ,3085100000.00,2657200000.00,9.3900,9.4200,1727400000.00,456600000.00,2221800000.00,3169700000.00,1847800000.00,5017500000.00,9961800000.00,10711000000.00
2023-02-28 00:00:00,STZ,1166100000.00,782300000.00,-0.1100,-0.1100,-71000000.00,422100000.00,383600000.00,2842900000.00,1926100000.00,4769000000.00,9452600000.00,10177200000.00
2022-02-28 00:00:00,STZ,1004100000.00,666800000.00,-0.2200,-0.2200,-40400000.00,309400000.00,310400000.00,2997600000.00,1709700000.00,4707300000.00,8820700000.00,9529100000.00
2021-02-28 00:00:00,STZ,3222400000.00,2928600000.00,10.2300,10.4400,1998000000.00,511100000.00,2542900000.00,2791100000.00,1674900000.00,4466000000.00,8614900000.00,9355700000.00
2020-02-29 00:00:00,STZ,,,,,,,,,,,,
2023-12-31 00:00:00,CEG,4761000000.00,2878000000.00,5.0100,5.0200,1623000000.00,859000000.00,2447000000.00,2459000000.00,773000000.00,3232000000.00,24918000000.00,24918000000.00
2022-12-31 00:00:00,CEG,1558000000.00,-291000000.00,-0.4893,-0.4893,-160000000.00,-388000000.00,-542000000.00,-347000000.00,2484000000.00,2137000000.00,24440000000.00,24440000000.00
2021-12-31 00:00:00,CEG,4444000000.00,449000000.00,-0.6288,-0.6288,-205000000.00,225000000.00,152000000.00,362000000.00,2569000000.00,2931000000.00,19649000000.00,19649000000.00
2020-12-31 00:00:00,CEG,4829000000.00,1193000000.00,1.8051,1.8051,589000000.00,249000000.00,836000000.00,425000000.00,2425000000.00,2850000000.00,17603000000.00,17603000000.00
2019-12-31 00:00:00,CEG,,,,,,,,,,,,
2023-10-31 00:00:00,COO,885900000.00,518200000.00,1.4775,1.4850,294200000.00,118700000.00,412900000.00,533100000.00,1824800000.00,2357900000.00,3593200000.00,3593200000.00
2022-10-31 00:00:00,COO,878700000.00,532600000.00,1.9400,1.9564,385800000.00,89500000.00,475300000.00,507600000.00,1632000000.00,2139600000.00,3308400000.00,3308400000.00
2021-10-31 00:00:00,COO,823900000.00,514600000.00,14.7900,14.9326,2944700000.00,-2453200000.00,491500000.00,505800000.00,1450000000.00,1955800000.00,2922500000.00,2922500000.00
2020-10-31 00:00:00,COO,590400000.00,303300000.00,1.2025,1.2138,238400000.00,28100000.00,266500000.00,311800000.00,1223000000.00,1534800000.00,2430900000.00,2430900000.00
2019-10-31 00:00:00,COO,,,,,,,,,,,,
2024-07-31 00:00:00,CPRT,1762279000.00,1572023000.00,1.4000,1.4200,1363020000.00,352254000.00,1714601000.00,1572023000.00,335229000.00,1907252000.00,4236823000.00,4236823000.00
2023-07-31 00:00:00,CPRT,1646253000.00,1486569000.00,1.2800,1.3000,1237741000.00,316587000.00,1554328000.00,1486569000.00,250422000.00,1736991000.00,3869518000.00,3869518000.00
2022-07-31 00:00:00,CPRT,1513602000.00,1374997000.00,1.1300,1.1475,1090130000.00,250824000.00,1340954000.00,1374997000.00,231224000.00,1606221000.00,3500921000.00,3500921000.00
2021-07-31 00:00:00,CPRT,1259510000.00,1136426000.00,0.9750,0.9900,936495000.00,185351000.00,1121846000.00,1136426000.00,206665000.00,1343091000.00,2692511000.00,2692511000.00
2020-07-31 00:00:00,CPRT,,,,,,,,,,,,
2023-12-31 00:00:00,GLW,2514000000.00,1145000000.00,0.6800,0.6900,581000000.00,168000000.00,816000000.00,890000000.00,3041000000.00,3931000000.00,12588000000.00,12588000000.00
2022-12-31 00:00:00,GLW,3541000000.00,2089000000.00,1.5400,1.5600,1316000000.00,411000000.00,1797000000.00,1438000000.00,3068000000.00,4506000000.00,14189000000.00,14189000000.00
2021-12-31 00:00:00,GLW,4207000000.00,2726000000.00,1.2800,1.3000,1906000000.00,491000000.00,2426000000.00,2112000000.00,2951000000.00,5063000000.00,14082000000.00,14082000000.00
2020-12-31 00:00:00,GLW,2419000000.00,899000000.00,0.5400,0.5400,512000000.00,111000000.00,623000000.00,509000000.00,3022000000.00,3531000000.00,11303000000.00,11303000000.00
2019-12-31 00:00:00,GLW,,,,,,,,,,,,
2023-12-31 00:00:00,CPAY,2010216000.00,1673612000.00,13.2000,13.4200,981890000.00,343115000.00,1325005000.00,1656873000.00,1280938000.00,2937811000.00,3757719000.00,3757719000.00
2022-12-31 00:00:00,CPAY,1762604000.00,1440322000.00,12.4200,12.6200,954327000.00,321333000.00,1275660000.00,1446641000.00,1215781000.00,2662422000.00,3427129000.00,3427129000.00
2023-12-31 00:00:00,DTE,3963000000.00,2357000000.00,6.7600,6.7700,1397000000.00,169000000.00,1566000000.00,2292000000.00,2035000000.00,4327000000.00,12745000000.00,12745000000.00
2021-12-31 00:00:00,CPAY,1506710000.00,1222513000.00,9.9900,10.2300,839497000.00,269311000.00,1108808000.00,1242556000.00,1031361000.00,2273917000.00,2833736000.00,2833736000.00
2020-12-31 00:00:00,CPAY,1267130000.00,1012328000.00,8.1200,8.3800,704216000.00,178309000.00,882525000.00,972265000.00,820227000.00,1792492000.00,2388855000.00,2388855000.00
2019-12-31 00:00:00,CPAY,,,,,,,,,,,,
2023-12-31 00:00:00,CTVA,2537000000.00,1326000000.00,1.0300,1.0400,735000000.00,152000000.00,1093000000.00,2110000000.00,5196000000.00,7306000000.00,17226000000.00,17226000000.00
2022-12-31 00:00:00,CTVA,2728000000.00,1505000000.00,1.5800,1.5900,1147000000.00,210000000.00,1426000000.00,1928000000.00,5091000000.00,7019000000.00,17455000000.00,17455000000.00
2021-12-31 00:00:00,CTVA,3619000000.00,2376000000.00,2.3700,2.3900,1759000000.00,524000000.00,2346000000.00,1317000000.00,5118000000.00,6435000000.00,15655000000.00,15655000000.00
2020-12-31 00:00:00,CTVA,1897000000.00,720000000.00,0.9100,0.9100,681000000.00,-81000000.00,675000000.00,843000000.00,4867000000.00,5710000000.00,14217000000.00,14217000000.00
2019-12-31 00:00:00,CTVA,,,,,,,,,,,,
2023-12-31 00:00:00,CSGP,389800000.00,282300000.00,0.9200,0.9200,374700000.00,126600000.00,501300000.00,282300000.00,1681200000.00,1963500000.00,2455000000.00,2455000000.00
2022-12-31 00:00:00,CSGP,588900000.00,451000000.00,0.9300,0.9300,369500000.00,117000000.00,486500000.00,451000000.00,1317400000.00,1768400000.00,2182400000.00,2182400000.00
2021-12-31 00:00:00,CSGP,571858000.00,432300000.00,0.7400,0.7500,292600000.00,111400000.00,404000000.00,432300000.00,1154600000.00,1586900000.00,1944100000.00,1944100000.00
2020-12-31 00:00:00,CSGP,406146000.00,289202000.00,0.5930,0.5970,227128000.00,43852000.00,270980000.00,289202000.00,1060849000.00,1350051000.00,1659019000.00,1659019000.00
2019-12-31 00:00:00,CSGP,,,,,,,,,,,,
2024-08-31 00:00:00,COST,12146000000.00,9909000000.00,,,7367000000.00,2373000000.00,9740000000.00,9285000000.00,22810000000.00,32095000000.00,254453000000.00,254453000000.00
2023-08-31 00:00:00,COST,10724000000.00,8647000000.00,14.1600,14.1800,6292000000.00,2195000000.00,8487000000.00,8114000000.00,21590000000.00,29704000000.00,242290000000.00,242290000000.00
2022-08-31 00:00:00,COST,9898000000.00,7998000000.00,13.1400,13.1700,5844000000.00,1925000000.00,7840000000.00,7793000000.00,19779000000.00,27572000000.00,226954000000.00,226954000000.00
2021-08-31 00:00:00,COST,8632000000.00,6851000000.00,11.2700,11.3000,5007000000.00,1601000000.00,6680000000.00,6708000000.00,18537000000.00,25245000000.00,195929000000.00,195929000000.00
2020-08-31 00:00:00,COST,,,9.0200,9.0500,,,,,,,,
2023-12-31 00:00:00,CTRA,3860000000.00,2219000000.00,2.1400,2.1400,1625000000.00,503000000.00,2128000000.00,2154000000.00,582000000.00,2736000000.00,5914000000.00,5603000000.00
2022-12-31 00:00:00,CTRA,6917000000.00,5282000000.00,5.0900,5.0900,4065000000.00,1104000000.00,5169000000.00,5279000000.00,722000000.00,6001000000.00,9051000000.00,9449000000.00
2021-12-31 00:00:00,CTRA,2257000000.00,1564000000.00,2.3000,2.3000,1158000000.00,344000000.00,1502000000.00,1566000000.00,371000000.00,1937000000.00,3449000000.00,3657000000.00
2020-12-31 00:00:00,CTRA,691000000.00,296000000.00,0.5000,0.5000,201000000.00,41000000.00,242000000.00,296000000.00,135000000.00,431000000.00,1466000000.00,1405000000.00
2019-12-31 00:00:00,CTRA,,,,,,,,,,,,
2024-01-31 00:00:00,CRWD,293827000.00,148573000.00,0.3700,0.3700,89327000.00,32232000.00,122817000.00,-1995000.00,2301827000.00,2299832000.00,3055555000.00,3055555000.00
2023-01-31 00:00:00,CRWD,-40754000.00,-134564000.00,-0.7900,-0.7900,-183245000.00,22402000.00,-159883000.00,-190112000.00,1830117000.00,1640005000.00,2241236000.00,2241236000.00
2022-01-31 00:00:00,CRWD,-65982000.00,-134792000.00,-1.0300,-1.0300,-234802000.00,72355000.00,-160023000.00,-142548000.00,1210921000.00,1068373000.00,1451594000.00,1451594000.00
2021-01-31 00:00:00,CRWD,-46152000.00,-86310000.00,-0.4300,-0.4300,-92629000.00,4760000.00,-87869000.00,-92529000.00,737422000.00,644893000.00,874438000.00,874438000.00
2020-01-31 00:00:00,CRWD,,,,,,,,,,,,
2023-12-31 00:00:00,CCI,4103000000.00,2349000000.00,3.4600,3.4600,1502000000.00,26000000.00,1528000000.00,2488000000.00,2513000000.00,5001000000.00,6981000000.00,6981000000.00
2022-12-31 00:00:00,CCI,4071000000.00,2364000000.00,3.8600,3.8700,1675000000.00,16000000.00,1691000000.00,2433000000.00,2485000000.00,4918000000.00,6986000000.00,6986000000.00
2021-12-31 00:00:00,CCI,3455000000.00,1811000000.00,2.5300,2.5400,1096000000.00,21000000.00,1179000000.00,1878000000.00,2469000000.00,4347000000.00,6340000000.00,6340000000.00
2020-12-31 00:00:00,CCI,3350000000.00,1742000000.00,2.3500,2.3600,1056000000.00,20000000.00,1076000000.00,1852000000.00,2019000000.00,3871000000.00,5840000000.00,5840000000.00
2019-12-31 00:00:00,CCI,,,,,,,,,,,,
2023-12-31 00:00:00,CSX,7311000000.00,5700000000.00,1.8500,1.8500,3715000000.00,1176000000.00,4891000000.00,5556000000.00,-29000000.00,5527000000.00,14657000000.00,14079000000.00
2022-12-31 00:00:00,CSX,7656000000.00,6156000000.00,1.9500,2.0165,4166000000.00,1248000000.00,5414000000.00,5864000000.00,-79000000.00,5785000000.00,14853000000.00,13945000000.00
2021-12-31 00:00:00,CSX,7093000000.00,5673000000.00,1.6800,1.7171,3781000000.00,1170000000.00,4951000000.00,5204000000.00,-64000000.00,5140000000.00,12522000000.00,11778000000.00
2020-12-31 00:00:00,CSX,5764000000.00,4381000000.00,1.2000,1.2080,2765000000.00,862000000.00,3627000000.00,4369000000.00,-42000000.00,4327000000.00,10583000000.00,10175000000.00
2019-12-31 00:00:00,CSX,,,,,,,,,,,,
2023-12-31 00:00:00,CMI,3025000000.00,2001000000.00,5.1500,5.1900,735000000.00,786000000.00,1626000000.00,1412000000.00,6837000000.00,8249000000.00,34065000000.00,34065000000.00
2022-12-31 00:00:00,CMI,3802000000.00,3018000000.00,15.1200,15.2000,2151000000.00,636000000.00,2819000000.00,2661000000.00,4058000000.00,6719000000.00,28074000000.00,28074000000.00
2021-12-31 00:00:00,CMI,3524000000.00,2862000000.00,14.6100,14.7400,2131000000.00,587000000.00,2751000000.00,2200000000.00,3495000000.00,5695000000.00,24021000000.00,24021000000.00
2020-12-31 00:00:00,CMI,3111000000.00,2438000000.00,12.0100,12.0700,1789000000.00,527000000.00,2338000000.00,1847000000.00,3047000000.00,4894000000.00,19811000000.00,19811000000.00
2019-12-31 00:00:00,CMI,,,,,,,,,,,,
2023-12-31 00:00:00,CVS,18197000000.00,13831000000.00,6.4700,6.4900,8344000000.00,2805000000.00,11173000000.00,14599000000.00,39832000000.00,54431000000.00,357776000000.00,357776000000.00
2022-12-31 00:00:00,CVS,12347000000.00,8123000000.00,3.2600,3.2900,4311000000.00,1509000000.00,5836000000.00,16290000000.00,38212000000.00,54502000000.00,322467000000.00,322467000000.00
2021-12-31 00:00:00,CVS,17526000000.00,13040000000.00,5.9500,6.0000,8001000000.00,2548000000.00,10537000000.00,15099000000.00,37021000000.00,52120000000.00,292111000000.00,292111000000.00
2020-12-31 00:00:00,CVS,17118000000.00,12677000000.00,5.4600,5.4800,7179000000.00,2569000000.00,9770000000.00,13911000000.00,35135000000.00,49046000000.00,268706000000.00,268706000000.00
2019-12-31 00:00:00,CVS,,,,,,,,,,,,
2023-12-31 00:00:00,DHR,7496000000.00,5330000000.00,6.3800,6.4400,4764000000.00,823000000.00,5044000000.00,5279000000.00,8755000000.00,14034000000.00,23890000000.00,23890000000.00
2022-12-31 00:00:00,DHR,9482000000.00,7350000000.00,9.6600,9.8000,7209000000.00,818000000.00,7146000000.00,7536000000.00,8652000000.00,16188000000.00,26643000000.00,26643000000.00
2021-12-31 00:00:00,DHR,8804000000.00,6742000000.00,8.6100,8.7700,6433000000.00,1064000000.00,6511000000.00,6387000000.00,8852000000.00,15239000000.00,24802000000.00,24802000000.00
2020-12-31 00:00:00,DHR,6545000000.00,4770000000.00,4.8900,4.9700,3646000000.00,849000000.00,4495000000.00,4231000000.00,8244000000.00,12475000000.00,22284000000.00,22284000000.00
2019-12-31 00:00:00,DHR,,,,,,,,,,,,
2024-05-31 00:00:00,DRI,1778600000.00,1318700000.00,8.5100,8.5700,1027600000.00,145000000.00,1175500000.00,1326600000.00,1083600000.00,2410200000.00,11390000000.00,11390000000.00
2023-05-31 00:00:00,DRI,1597400000.00,1209600000.00,7.9900,8.0600,981900000.00,137000000.00,1120500000.00,1191200000.00,892200000.00,2083400000.00,10487800000.00,10487800000.00
2022-05-31 00:00:00,DRI,1532500000.00,1164100000.00,7.3900,7.4600,952800000.00,138800000.00,1093500000.00,1160200000.00,834800000.00,1995000000.00,9630000000.00,9630000000.00
2021-05-31 00:00:00,DRI,992600000.00,641700000.00,4.7700,4.8300,629300000.00,-55900000.00,576500000.00,655300000.00,838200000.00,1493500000.00,7196100000.00,7196100000.00
2020-05-31 00:00:00,DRI,,,,,,,,,,,,
2023-12-31 00:00:00,DVA,2321088000.00,1575645000.00,7.4200,7.6200,691535000.00,220116000.00,1177094000.00,1601003000.00,2219427000.00,3820430000.00,12140147000.00,11574941000.00
2022-12-31 00:00:00,DVA,2055899000.00,1323297000.00,5.8500,6.0300,560400000.00,198087000.00,966278000.00,1312542000.00,2087799000.00,3400341000.00,11609894000.00,11176464000.00
2021-12-31 00:00:00,DVA,2484363000.00,1803748000.00,8.9000,9.3000,978450000.00,306732000.00,1518494000.00,1770433000.00,1875950000.00,3646383000.00,11618797000.00,11213515000.00
2020-12-31 00:00:00,DVA,2252808000.00,1622373000.00,6.3100,6.4600,773642000.00,313932000.00,1318262000.00,1683972000.00,1878019000.00,3561991000.00,11550604000.00,11026251000.00
2019-12-31 00:00:00,DVA,,,,,,,,,,,,
2023-12-31 00:00:00,DAY,264600000.00,132100000.00,0.3500,0.3500,54800000.00,41200000.00,96000000.00,133100000.00,513400000.00,646500000.00,1513700000.00,1513700000.00
2022-12-31 00:00:00,DAY,54700000.00,-34300000.00,-0.4800,-0.4800,-73400000.00,10500000.00,-62900000.00,-25800000.00,499000000.00,473200000.00,1246200000.00,1246200000.00
2021-12-31 00:00:00,DAY,23100000.00,-54400000.00,-0.5000,-0.5000,-75400000.00,-14900000.00,-90300000.00,-35500000.00,417800000.00,382300000.00,1024200000.00,1024200000.00
2020-12-31 00:00:00,DAY,56900000.00,5100000.00,-0.0300,-0.0300,-4000000.00,-16000000.00,-20000000.00,7800000.00,333500000.00,341300000.00,842500000.00,842500000.00
2019-12-31 00:00:00,DAY,,,,,,,,,,,,
2019-12-31 00:00:00,EXR,,,,,,,,,,,,
2024-03-31 00:00:00,DECK,1038671000.00,981505000.00,29.1600,29.3600,759563000.00,219378000.00,978941000.00,927514000.00,1457974000.00,2385488000.00,4287763000.00,4287763000.00
2023-03-31 00:00:00,DECK,716869000.00,669524000.00,19.3700,19.5000,516822000.00,149260000.00,666082000.00,652751000.00,1172619000.00,1825370000.00,3627286000.00,3627286000.00
2022-03-31 00:00:00,DECK,609599000.00,566721000.00,16.2600,16.4300,451949000.00,112689000.00,564638000.00,564707000.00,1042844000.00,1607551000.00,3150339000.00,3150339000.00
2021-03-31 00:00:00,DECK,548072000.00,507542000.00,13.4700,13.6400,382575000.00,118939000.00,501514000.00,504205000.00,869885000.00,1374090000.00,2545641000.00,2545641000.00
2023-10-31 00:00:00,DE,17476000000.00,15472000000.00,34.6300,34.8000,10166000000.00,2871000000.00,13019000000.00,14591000000.00,7715000000.00,22306000000.00,60248000000.00,60248000000.00
2022-10-31 00:00:00,DE,12084000000.00,10189000000.00,23.2800,23.4200,7131000000.00,2007000000.00,9127000000.00,9026000000.00,6704000000.00,15730000000.00,51282000000.00,51282000000.00
2021-10-31 00:00:00,DE,10645000000.00,8595000000.00,18.9900,19.1400,5963000000.00,1658000000.00,7602000000.00,7663000000.00,6052000000.00,13715000000.00,43033000000.00,43033000000.00
2020-10-31 00:00:00,DE,7248000000.00,5130000000.00,8.6900,8.7700,2751000000.00,1082000000.00,3883000000.00,4368000000.00,6489000000.00,10857000000.00,34722000000.00,34722000000.00
2019-10-31 00:00:00,DE,,,,,,,,,,,,
2023-12-31 00:00:00,DAL,8783000000.00,6442000000.00,7.1700,7.2100,4609000000.00,999000000.00,5608000000.00,5277000000.00,8858000000.00,14135000000.00,58048000000.00,49632000000.00
2022-12-31 00:00:00,DAL,5050000000.00,2943000000.00,2.0600,2.0700,1318000000.00,596000000.00,1914000000.00,3953000000.00,6644000000.00,10597000000.00,50582000000.00,41268000000.00
2021-12-31 00:00:00,DAL,3675000000.00,1677000000.00,0.4400,0.4400,280000000.00,118000000.00,398000000.00,2337000000.00,-204000000.00,2133000000.00,29899000000.00,23551000000.00
2020-12-31 00:00:00,DAL,-12346000000.00,-14658000000.00,-19.4900,-19.4900,-12385000000.00,-3202000000.00,-15587000000.00,-4031000000.00,-337000000.00,-4368000000.00,17095000000.00,13491000000.00
2019-12-31 00:00:00,DAL,,,,,,,,,,,,
2023-12-31 00:00:00,DVN,7546000000.00,4992000000.00,5.8400,5.8600,3747000000.00,841000000.00,4623000000.00,4910000000.00,457000000.00,5367000000.00,15258000000.00,15258000000.00
2022-12-31 00:00:00,DVN,10368000000.00,8145000000.00,9.1200,9.1518,6015000000.00,1738000000.00,7775000000.00,7920000000.00,449000000.00,8369000000.00,19169000000.00,19169000000.00
2021-12-31 00:00:00,DVN,5444000000.00,3286000000.00,4.1900,4.2000,2813000000.00,65000000.00,2898000000.00,3246000000.00,433000000.00,3679000000.00,12206000000.00,12206000000.00
2020-12-31 00:00:00,DVN,-1531000000.00,-2831000000.00,-7.1200,-7.1200,-2680000000.00,-547000000.00,-3090000000.00,-133000000.00,525000000.00,392000000.00,4828000000.00,4828000000.00
2019-12-31 00:00:00,DVN,,,,,,,,,,,,
2023-12-31 00:00:00,DXCM,916700000.00,730700000.00,1.3000,1.4000,541500000.00,168900000.00,710400000.00,597700000.00,1691200000.00,2288900000.00,3622300000.00,3622300000.00
2022-12-31 00:00:00,DXCM,565300000.00,409400000.00,0.8200,0.8800,341200000.00,49600000.00,390800000.00,391200000.00,1491900000.00,1883100000.00,2909800000.00,2909800000.00
2021-12-31 00:00:00,DXCM,377600000.00,275600000.00,0.3875,0.4000,216900000.00,39900000.00,256800000.00,265800000.00,1414700000.00,1680500000.00,2448500000.00,2448500000.00
2020-12-31 00:00:00,DXCM,376800000.00,309700000.00,1.2650,1.3075,493600000.00,-268600000.00,225000000.00,299500000.00,980600000.00,1280100000.00,1926700000.00,1926700000.00
2023-12-31 00:00:00,FANG,6169000000.00,4423000000.00,17.3400,17.3400,3143000000.00,912000000.00,4248000000.00,4581000000.00,290000000.00,4871000000.00,8412000000.00,8339000000.00
2022-12-31 00:00:00,FANG,7228000000.00,5884000000.00,24.6100,24.6100,4386000000.00,1174000000.00,5736000000.00,6522000000.00,256000000.00,6778000000.00,9643000000.00,9566000000.00
2021-12-31 00:00:00,FANG,4371000000.00,3096000000.00,12.3000,12.3500,2182000000.00,631000000.00,2907000000.00,4079000000.00,241000000.00,4320000000.00,6797000000.00,6747000000.00
2020-12-31 00:00:00,FANG,-4270000000.00,-5581000000.00,-28.5900,-28.5900,-4517000000.00,-1104000000.00,-5776000000.00,545000000.00,92000000.00,637000000.00,2813000000.00,2806000000.00
2019-12-31 00:00:00,FANG,,,,,,,,,,,,
2023-12-31 00:00:00,DLR,3158491000.00,1463632000.00,3.0000,3.0400,948838000.00,75579000.00,1025891000.00,727546000.00,2151444000.00,2878990000.00,5477061000.00,5477061000.00
2022-12-31 00:00:00,DLR,2288940000.00,711007000.00,1.1300,1.1800,377684000.00,31550000.00,411875000.00,661734000.00,2012538000.00,2674272000.00,4691834000.00,4691834000.00
2021-12-31 00:00:00,DLR,3600689000.00,2114057000.00,5.9400,5.9500,1709259000.00,72799000.00,1820211000.00,759726000.00,1889836000.00,2649562000.00,4427882000.00,4427882000.00
2020-12-31 00:00:00,DLR,2100177000.00,733798000.00,1.0000,1.0100,356398000.00,38047000.00,400777000.00,670670000.00,1718823000.00,2389493000.00,3903609000.00,3903609000.00
2019-12-31 00:00:00,DLR,,,,,,,,,,,,
2024-01-31 00:00:00,DG,3295093000.00,2446300000.00,7.5500,7.5700,1661274000.00,458245000.00,2119519000.00,2446300000.00,9272724000.00,11719024000.00,38691609000.00,38691609000.00
2023-01-31 00:00:00,DG,4052764000.00,3327887000.00,10.6800,10.7300,2415989000.00,700625000.00,3116614000.00,3328302000.00,8491796000.00,11820098000.00,37844863000.00,37844863000.00
2022-01-31 00:00:00,DG,3861991000.00,3220675000.00,10.1700,10.2400,2399232000.00,663917000.00,3063149000.00,3220675000.00,7592331000.00,10813006000.00,34220449000.00,34220449000.00
2021-01-31 00:00:00,DG,4129002000.00,3554765000.00,10.6200,10.7000,2655050000.00,749330000.00,3404380000.00,3554765000.00,7164097000.00,10718862000.00,33746839000.00,33746839000.00
2024-01-31 00:00:00,DLTR,-40900000.00,-881900000.00,-4.5500,-4.5500,-998400000.00,9700000.00,-988700000.00,187200000.00,9144600000.00,9331800000.00,30603800000.00,30581600000.00
2023-01-31 00:00:00,DLTR,3003800000.00,2235900000.00,7.2100,7.2400,1615400000.00,495200000.00,2110600000.00,2236300000.00,6699100000.00,8935400000.00,28331700000.00,28318200000.00
2022-01-31 00:00:00,DLTR,2527100000.00,1811100000.00,5.8000,5.8300,1327900000.00,304300000.00,1632200000.00,1811400000.00,5925900000.00,7737300000.00,26321200000.00,26309800000.00
2021-01-31 00:00:00,DLTR,2573700000.00,1887100000.00,5.6500,5.6800,1341900000.00,397900000.00,1739800000.00,1887900000.00,5900400000.00,7788300000.00,25509300000.00,25508400000.00
2020-01-31 00:00:00,DLTR,,,,,,,,,,,,
2023-12-31 00:00:00,D,6822000000.00,3694000000.00,2.2900,2.2900,1994000000.00,575000000.00,2732000000.00,3694000000.00,3264000000.00,6958000000.00,14393000000.00,13487000000.00
2022-12-31 00:00:00,D,6373000000.00,3260000000.00,1.0900,1.1904,1321000000.00,113000000.00,540000000.00,3260000000.00,3117000000.00,6377000000.00,13938000000.00,14552000000.00
2021-12-31 00:00:00,D,5386000000.00,2605000000.00,3.9800,4.0593,3399000000.00,-181000000.00,1880000000.00,2605000000.00,2807000000.00,5412000000.00,11419000000.00,11661000000.00
2020-12-31 00:00:00,D,6935000000.00,4099000000.00,-0.5700,-0.4975,-401000000.00,83000000.00,1411000000.00,4099000000.00,3203000000.00,7302000000.00,14172000000.00,13752000000.00
2019-12-31 00:00:00,D,,,,,,,,,,,,
2023-12-31 00:00:00,DPZ,929555000.00,848915000.00,14.6600,14.8000,519118000.00,133322000.00,652440000.00,819668000.00,907749000.00,1727417000.00,4479358000.00,4479358000.00
2022-12-31 00:00:00,DPZ,851338000.00,771087000.00,12.5300,12.7760,452263000.00,120570000.00,572833000.00,746752000.00,901854000.00,1648606000.00,4537158000.00,4537158000.00
2021-12-31 00:00:00,DPZ,890434000.00,817511000.00,13.5400,14.0391,510467000.00,115238000.00,625705000.00,780408000.00,907834000.00,1688242000.00,4357373000.00,4357373000.00
2020-12-31 00:00:00,DPZ,792334000.00,727296000.00,12.3900,12.4695,491296000.00,63834000.00,555130000.00,725642000.00,868851000.00,1594493000.00,4117411000.00,4117411000.00
2023-12-31 00:00:00,DOV,1718774000.00,1401311000.00,7.5200,7.5600,1056828000.00,213178000.00,1270006000.00,1366343000.00,1718290000.00,3084633000.00,8438134000.00,8438134000.00
2022-12-31 00:00:00,DOV,1711499000.00,1403961000.00,7.4200,7.4700,1065376000.00,222129000.00,1287505000.00,1379330000.00,1684226000.00,3063556000.00,8508088000.00,8508088000.00
2021-12-31 00:00:00,DOV,1797268000.00,1507145000.00,7.7400,7.8100,1123818000.00,277008000.00,1400826000.00,1281508000.00,1688278000.00,2969786000.00,7907081000.00,7907081000.00
2020-12-31 00:00:00,DOV,1232722000.00,953671000.00,4.7000,4.7400,683451000.00,158283000.00,841734000.00,932987000.00,1541032000.00,2474019000.00,6683760000.00,6683760000.00
2019-12-31 00:00:00,DOV,,,,,,,,,,,,
2023-12-31 00:00:00,DOW,4013000000.00,1402000000.00,0.8200,0.8200,589000000.00,-4000000.00,656000000.00,2100000000.00,2780000000.00,4880000000.00,44622000000.00,44622000000.00
2022-12-31 00:00:00,DOW,9510000000.00,6752000000.00,6.2800,6.3200,4582000000.00,1450000000.00,6090000000.00,5702000000.00,2862000000.00,8564000000.00,56902000000.00,56902000000.00
2021-12-31 00:00:00,DOW,11718000000.00,8876000000.00,8.3800,8.4400,6311000000.00,1740000000.00,8145000000.00,7887000000.00,2890000000.00,10777000000.00,54968000000.00,54968000000.00
2020-12-31 00:00:00,DOW,5772000000.00,2898000000.00,1.6400,1.6400,1225000000.00,777000000.00,2071000000.00,2556000000.00,2640000000.00,5196000000.00,38542000000.00,38542000000.00
2019-12-31 00:00:00,DOW,,,,,,,,,,,,
2023-09-30 00:00:00,DHI,6193200000.00,6101600000.00,13.8200,13.9300,4745700000.00,1519500000.00,6314700000.00,6101600000.00,3248800000.00,9350400000.00,35460400000.00,35460400000.00
2022-09-30 00:00:00,DHI,7651800000.00,7570400000.00,16.5100,16.6500,5857500000.00,1734100000.00,7629700000.00,7570400000.00,2933700000.00,10504100000.00,33480000000.00,33480000000.00
2021-09-30 00:00:00,DHI,5400900000.00,5318800000.00,11.4100,11.5600,4175800000.00,1165100000.00,5356300000.00,5318800000.00,2556200000.00,7875000000.00,27774200000.00,27774200000.00
2020-09-30 00:00:00,DHI,2980700000.00,2890100000.00,6.4100,6.4900,2373700000.00,602500000.00,2983000000.00,2890100000.00,2047800000.00,4937900000.00,20311100000.00,20311100000.00
2022-12-31 00:00:00,DTE,3255000000.00,1787000000.00,5.5200,5.5300,1083000000.00,29000000.00,1112000000.00,1773000000.00,1895000000.00,3668000000.00,19228000000.00,19228000000.00
2021-12-31 00:00:00,DTE,2745000000.00,1286000000.00,4.6700,4.6800,907000000.00,-130000000.00,656000000.00,1538000000.00,1798000000.00,3336000000.00,14964000000.00,14964000000.00
2020-12-31 00:00:00,DTE,3126000000.00,1683000000.00,7.0800,7.0900,1368000000.00,37000000.00,1082000000.00,1567000000.00,1712000000.00,3279000000.00,11423000000.00,11423000000.00
2019-12-31 00:00:00,DTE,,,,,,,,,,,,
2023-12-31 00:00:00,DUK,13865000000.00,7781000000.00,3.5400,3.5400,2841000000.00,438000000.00,4767000000.00,7103000000.00,6653000000.00,13756000000.00,29060000000.00,29060000000.00
2022-12-31 00:00:00,DUK,12360000000.00,6517000000.00,3.3300,3.3300,2550000000.00,300000000.00,4078000000.00,6424000000.00,6552000000.00,12976000000.00,28768000000.00,28768000000.00
2021-12-31 00:00:00,DUK,11861000000.00,6198000000.00,4.9400,4.9400,3908000000.00,268000000.00,3991000000.00,5841000000.00,6117000000.00,11958000000.00,24621000000.00,24621000000.00
2020-12-31 00:00:00,DUK,8503000000.00,3017000000.00,1.7200,1.7200,1377000000.00,-169000000.00,920000000.00,5538000000.00,5815000000.00,11353000000.00,23366000000.00,23366000000.00
2023-12-31 00:00:00,DD,2047000000.00,900000000.00,0.9400,0.9400,423000000.00,-29000000.00,504000000.00,1708000000.00,2525000000.00,4233000000.00,12068000000.00,12068000000.00
2022-12-31 00:00:00,DD,3075000000.00,1940000000.00,11.6100,11.6300,5868000000.00,387000000.00,1448000000.00,2050000000.00,2565000000.00,4615000000.00,13017000000.00,13017000000.00
2021-12-31 00:00:00,DD,3081000000.00,1969000000.00,2.1600,2.1700,6467000000.00,237000000.00,1444000000.00,1900000000.00,2695000000.00,4595000000.00,12566000000.00,12566000000.00
2020-12-31 00:00:00,DD,1520000000.00,-1574000000.00,-4.0100,-4.0100,-2951000000.00,160000000.00,-2246000000.00,1808000000.00,3022000000.00,4830000000.00,14338000000.00,14338000000.00
2019-12-31 00:00:00,DD,,,,,,,,,,,,
2023-12-31 00:00:00,EMN,1810000000.00,1312000000.00,7.4900,7.5400,894000000.00,191000000.00,1087000000.00,1054000000.00,1007000000.00,2061000000.00,9210000000.00,9210000000.00
2022-12-31 00:00:00,EMN,1642000000.00,1165000000.00,6.3500,6.4200,793000000.00,181000000.00,977000000.00,1248000000.00,889000000.00,2137000000.00,10580000000.00,10580000000.00
2021-12-31 00:00:00,EMN,1818000000.00,1280000000.00,6.2500,6.3500,857000000.00,215000000.00,1082000000.00,1863000000.00,637000000.00,2500000000.00,10476000000.00,10476000000.00
2020-12-31 00:00:00,EMN,1314000000.00,740000000.00,3.5000,3.5300,478000000.00,41000000.00,530000000.00,1095000000.00,880000000.00,1975000000.00,8473000000.00,8473000000.00
2019-12-31 00:00:00,EMN,,,,,,,,,,,,
2023-12-31 00:00:00,ETN,4904000000.00,3978000000.00,8.0200,8.0600,3218000000.00,604000000.00,3827000000.00,3885000000.00,4549000000.00,8434000000.00,23196000000.00,23196000000.00
2022-12-31 00:00:00,ETN,4009000000.00,3055000000.00,6.1400,6.1700,2462000000.00,445000000.00,2911000000.00,2995000000.00,3892000000.00,6887000000.00,20752000000.00,20752000000.00
2021-12-31 00:00:00,ETN,3962000000.00,3040000000.00,5.3400,5.3800,2144000000.00,750000000.00,2896000000.00,2463000000.00,3872000000.00,6335000000.00,19628000000.00,19628000000.00
2020-12-31 00:00:00,ETN,2706000000.00,1895000000.00,3.4900,3.5100,1410000000.00,331000000.00,1746000000.00,1824000000.00,3626000000.00,5450000000.00,17858000000.00,17858000000.00
2019-12-31 00:00:00,ETN,,,,,,,,,,,,
2023-12-31 00:00:00,EBAY,4373000000.00,3970000000.00,5.1900,5.2200,2767000000.00,932000000.00,3707000000.00,1941000000.00,5338000000.00,7279000000.00,10112000000.00,10112000000.00
2022-12-31 00:00:00,EBAY,-924000000.00,-1366000000.00,-2.2700,-2.2700,-1269000000.00,-327000000.00,-1601000000.00,2350000000.00,4765000000.00,7115000000.00,9795000000.00,9795000000.00
2021-12-31 00:00:00,EBAY,1169000000.00,667000000.00,20.5400,20.8700,13608000000.00,146000000.00,398000000.00,2923000000.00,4847000000.00,7770000000.00,10420000000.00,10420000000.00
2020-12-31 00:00:00,EBAY,4232000000.00,3649000000.00,7.8900,7.9800,5667000000.00,858000000.00,3345000000.00,2636000000.00,4461000000.00,7097000000.00,8894000000.00,8894000000.00
2019-12-31 00:00:00,EBAY,,,,,,,,,,,,
2023-12-31 00:00:00,ECL,3028000000.00,2104400000.00,4.7900,4.8200,1372300000.00,362500000.00,1755500000.00,2103700000.00,4061600000.00,6165300000.00,15320200000.00,15320200000.00
2022-12-31 00:00:00,ECL,2534200000.00,1595500000.00,3.8100,3.8300,1091700000.00,234500000.00,1343400000.00,1703000000.00,3653800000.00,5356800000.00,14187800000.00,14187800000.00
2021-12-31 00:00:00,ECL,2487900000.00,1644800000.00,3.9100,3.9500,1129900000.00,270200000.00,1414200000.00,1701200000.00,3416100000.00,5117300000.00,12733100000.00,12733100000.00
2020-12-31 00:00:00,ECL,2278900000.00,1466200000.00,-4.2400,-4.2000,-1205100000.00,176600000.00,1161400000.00,1575300000.00,3309100000.00,4884400000.00,11790200000.00,11790200000.00
2019-12-31 00:00:00,ECL,,,,,,,,,,,,
2023-12-31 00:00:00,EIX,5848000000.00,3127000000.00,3.1100,3.1200,1407000000.00,108000000.00,1515000000.00,2728000000.00,3986000000.00,6714000000.00,16338000000.00,16338000000.00
2022-12-31 00:00:00,EIX,4464000000.00,1831000000.00,1.6000,1.6100,824000000.00,-162000000.00,662000000.00,1668000000.00,4453000000.00,6121000000.00,17220000000.00,17220000000.00
2021-12-31 00:00:00,EIX,4002000000.00,1714000000.00,2.0000,2.0000,925000000.00,-136000000.00,789000000.00,1669000000.00,4051000000.00,5720000000.00,14905000000.00,14905000000.00
2020-12-31 00:00:00,EIX,3489000000.00,1468000000.00,1.9800,1.9800,871000000.00,-305000000.00,566000000.00,1070000000.00,3967000000.00,5037000000.00,13578000000.00,13578000000.00
2019-12-31 00:00:00,EIX,,,,,,,,,,,,
2023-12-31 00:00:00,EW,1760600000.00,1615700000.00,2.3000,2.3100,1402400000.00,198700000.00,1598100000.00,1728600000.00,2896400000.00,4625000000.00,6004800000.00,6004800000.00
2022-12-31 00:00:00,EW,1926200000.00,1786600000.00,2.4400,2.4600,1521900000.00,245500000.00,1767400000.00,1789200000.00,2512800000.00,4302000000.00,5382400000.00,5382400000.00
2021-12-31 00:00:00,EW,1855200000.00,1720400000.00,2.3800,2.4100,1503100000.00,198900000.00,1702000000.00,1586800000.00,2396800000.00,3983600000.00,5232500000.00,5232500000.00
2020-12-31 00:00:00,EW,1039700000.00,932500000.00,1.3000,1.3200,823400000.00,93300000.00,916700000.00,1316600000.00,1989100000.00,3305700000.00,4386300000.00,4386300000.00
2019-12-31 00:00:00,EW,,,,,,,,,,,,
2024-03-31 00:00:00,EA,2051000000.00,1647000000.00,4.6800,4.7100,1273000000.00,316000000.00,1589000000.00,1580000000.00,4272000000.00,5852000000.00,7562000000.00,7562000000.00
2023-03-31 00:00:00,EA,1920000000.00,1384000000.00,2.8800,2.9000,802000000.00,524000000.00,1326000000.00,1443000000.00,4191000000.00,5634000000.00,7426000000.00,7426000000.00
2022-03-31 00:00:00,EA,1625000000.00,1139000000.00,2.7600,2.7800,789000000.00,292000000.00,1081000000.00,1129000000.00,4003000000.00,5132000000.00,6991000000.00,6991000000.00
2021-03-31 00:00:00,EA,1243000000.00,1062000000.00,2.8700,2.9000,837000000.00,180000000.00,1017000000.00,1046000000.00,3089000000.00,4135000000.00,5629000000.00,5629000000.00
2020-03-31 00:00:00,EA,,,,,,,,,,,,
2023-09-30 00:00:00,EMR,4038000000.00,2987000000.00,22.8800,23.0000,13219000000.00,599000000.00,2726000000.00,2759000000.00,4668000000.00,7427000000.00,15165000000.00,15165000000.00
2022-09-30 00:00:00,EMR,3502000000.00,2660000000.00,5.4100,5.4633,3231000000.00,549000000.00,2432000000.00,2356000000.00,3950000000.00,6306000000.00,13804000000.00,13804000000.00
2021-09-30 00:00:00,EMR,2689000000.00,1927000000.00,3.8200,3.8654,2303000000.00,346000000.00,1762000000.00,1959000000.00,3771000000.00,5730000000.00,12932000000.00,12932000000.00
2020-09-30 00:00:00,EMR,3364000000.00,2510000000.00,3.2400,3.2860,1965000000.00,345000000.00,2335000000.00,2784000000.00,4225000000.00,7009000000.00,16785000000.00,16785000000.00
2023-12-31 00:00:00,ENPH,596686000.00,521978000.00,3.0800,3.2200,438936000.00,74203000.00,513139000.00,461425000.00,596963000.00,1058388000.00,2290786000.00,2290786000.00
2022-12-31 00:00:00,ENPH,520261000.00,461486000.00,2.7700,2.9400,397362000.00,54686000.00,452048000.00,450645000.00,523950000.00,974595000.00,2330853000.00,2330853000.00
2021-12-31 00:00:00,ENPH,196926000.00,166080000.00,1.0200,1.0900,145449000.00,-24521000.00,120928000.00,215832000.00,338590000.00,554422000.00,1382049000.00,1382049000.00
2020-12-31 00:00:00,ENPH,158514000.00,140411000.00,0.9500,1.0700,133995000.00,-14585000.00,119410000.00,186439000.00,159542000.00,345981000.00,774425000.00,774425000.00
2019-12-31 00:00:00,ENPH,,,,,,,,,,,,
2023-12-31 00:00:00,ETR,4922660000.00,2678181000.00,11.1000,11.1400,2362310000.00,-690535000.00,1671775000.00,2660654000.00,2668782000.00,5329436000.00,12147412000.00,12022944000.00
2022-12-31 00:00:00,ETR,4236349000.00,2045978000.00,5.3700,5.4000,1097138000.00,-38978000.00,1058160000.00,1887311000.00,3388040000.00,5275351000.00,13764237000.00,13420765000.00
2021-12-31 00:00:00,ETR,4387731000.00,2144787000.00,5.5400,5.5700,1118719000.00,191374000.00,1310093000.00,2109251000.00,2762615000.00,4871866000.00,11742896000.00,11044605000.00
2020-12-31 00:00:00,ETR,4328560000.00,2070810000.00,6.9000,6.9400,1406653000.00,-121506000.00,1285147000.00,1795818000.00,2662396000.00,4458214000.00,10113636000.00,10113636000.00
2019-12-31 00:00:00,ETR,,,,,,,,,,,,
2023-12-31 00:00:00,EOG,13329000000.00,9837000000.00,13.0000,13.0700,7594000000.00,2095000000.00,9689000000.00,8892000000.00,8681000000.00,17573000000.00,23182000000.00,23182000000.00
2022-12-31 00:00:00,EOG,13622000000.00,10080000000.00,13.2200,13.3100,7759000000.00,2142000000.00,9901000000.00,14256000000.00,9742000000.00,23998000000.00,29492000000.00,29492000000.00
2021-12-31 00:00:00,EOG,9762000000.00,6111000000.00,7.9900,8.0300,4664000000.00,1269000000.00,5933000000.00,7613000000.00,6711000000.00,14324000000.00,19669000000.00,19669000000.00
2020-12-31 00:00:00,EOG,2866000000.00,-534000000.00,-1.0400,-1.0400,-605000000.00,-134000000.00,-739000000.00,458000000.00,4494000000.00,4952000000.00,9874000000.00,9874000000.00
2023-12-31 00:00:00,EPAM,659863000.00,527161000.00,7.0600,7.2100,417083000.00,119502000.00,536585000.00,527161000.00,906865000.00,1434026000.00,4690540000.00,4690540000.00
2022-12-31 00:00:00,EPAM,713015000.00,572966000.00,7.0900,7.3200,419416000.00,87842000.00,507258000.00,572966000.00,965049000.00,1538015000.00,4824698000.00,4824698000.00
2021-12-31 00:00:00,EPAM,680270000.00,535119000.00,8.1500,8.5200,481652000.00,51740000.00,533392000.00,542316000.00,732131000.00,1274447000.00,3758144000.00,3758144000.00
2020-12-31 00:00:00,EPAM,508567000.00,379324000.00,5.6000,5.8700,327160000.00,51319000.00,378479000.00,379324000.00,547632000.00,926956000.00,2659478000.00,2659478000.00
2019-12-31 00:00:00,EPAM,,,,,,,,,,,,
2023-12-31 00:00:00,EQT,4072243000.00,2323158000.00,4.2200,4.5600,1735232000.00,368954000.00,2103498000.00,658599000.00,2424541000.00,3083140000.00,5069982000.00,5069982000.00
2022-12-31 00:00:00,EQT,4282924000.00,2584317000.00,4.3800,4.7900,1770965000.00,553720000.00,2334662000.00,7757469000.00,2416205000.00,10173674000.00,12140621000.00,12140621000.00
2021-12-31 00:00:00,EQT,429092000.00,-1279785000.00,-3.5800,-3.5800,-1142747000.00,-428037000.00,-1569538000.00,2762208000.00,2175516000.00,4937724000.00,6839705000.00,6839705000.00
2020-12-31 00:00:00,EQT,450119000.00,-994834000.00,-3.7100,-3.7100,-958799000.00,-295293000.00,-1254102000.00,-818582000.00,1902337000.00,1083755000.00,2658629000.00,2658629000.00
2019-12-31 00:00:00,EQT,,,,,,,,,,,,
2023-12-31 00:00:00,EFX,1579100000.00,959300000.00,4.4000,4.4400,545300000.00,166200000.00,717900000.00,933600000.00,1996500000.00,2930100000.00,5265200000.00,5265200000.00
2022-12-31 00:00:00,EFX,1681300000.00,1112700000.00,5.6500,5.6900,696200000.00,229500000.00,929700000.00,1056000000.00,1889000000.00,2945000000.00,5122200000.00,5122200000.00
2021-12-31 00:00:00,EFX,1584400000.00,1094800000.00,6.0200,6.1100,744200000.00,200700000.00,949200000.00,1138000000.00,1805000000.00,2943000000.00,4923900000.00,4923900000.00
2020-12-31 00:00:00,EFX,1226100000.00,826800000.00,4.2400,4.2800,520100000.00,159000000.00,685200000.00,676600000.00,1713500000.00,2390100000.00,4127500000.00,4127500000.00
2023-12-31 00:00:00,EQIX,3371390000.00,1526252000.00,10.3100,10.3500,969178000.00,155250000.00,1124230000.00,1450640000.00,2509838000.00,3960478000.00,8188136000.00,8188136000.00
2022-12-31 00:00:00,EQIX,2921914000.00,1185706000.00,7.6700,7.6900,704345000.00,124792000.00,829369000.00,1226343000.00,2285261000.00,3511604000.00,7263105000.00,7263105000.00
2021-12-31 00:00:00,EQIX,2601324000.00,945034000.00,5.5300,5.5700,500191000.00,109224000.00,608952000.00,1120086000.00,2043029000.00,3163115000.00,6635537000.00,6635537000.00
2020-12-31 00:00:00,EQIX,2346060000.00,922691000.00,4.1800,4.2200,369777000.00,146151000.00,516225000.00,1114868000.00,1809337000.00,2924205000.00,5998545000.00,5998545000.00
2019-12-31 00:00:00,EQIX,,,,,,,,,,,,
2023-12-31 00:00:00,EQR,2046074000.00,1144570000.00,2.2000,2.2000,835438000.00,1148000.00,875014000.00,878046000.00,949425000.00,1827471000.00,2873964000.00,2873964000.00
2022-12-31 00:00:00,EQR,1990171000.00,1095846000.00,2.0500,2.0600,776911000.00,900000.00,812926000.00,811721000.00,940878000.00,1752599000.00,2735180000.00,2735180000.00
2021-12-31 00:00:00,EQR,2524879000.00,1673495000.00,3.5400,3.5600,1332850000.00,915000.00,1401022000.00,620427000.00,894778000.00,1515205000.00,2463997000.00,2463997000.00
2020-12-31 00:00:00,EQR,2129919000.00,1297476000.00,2.4500,2.4500,913636000.00,852000.00,932403000.00,786183000.00,869137000.00,1655320000.00,2571705000.00,2571705000.00
2019-12-31 00:00:00,EQR,,,,,,,,,,,,
2023-12-31 00:00:00,ESS,1491723000.00,943285000.00,6.3200,6.3200,405825000.00,,730380000.00,825107000.00,612609000.00,1437716000.00,1669395000.00,1669395000.00
2022-12-31 00:00:00,ESS,1479493000.00,940174000.00,6.2700,6.2700,408315000.00,-10236000.00,716336000.00,796532000.00,585660000.00,1382192000.00,1606814000.00,1606814000.00
2021-12-31 00:00:00,ESS,1503751000.00,983685000.00,7.5100,7.5100,488554000.00,15668000.00,780560000.00,636406000.00,587572000.00,1223978000.00,1440556000.00,1440556000.00
2020-12-31 00:00:00,ESS,1610382000.00,1084885000.00,8.6900,8.6900,568870000.00,1531000.00,864252000.00,693279000.00,590885000.00,1284164000.00,1495748000.00,1495748000.00
2019-12-31 00:00:00,ESS,,,,,,1457000.00,,,,,,
2024-06-30 00:00:00,EL,1975000000.00,1150000000.00,1.0800,1.0900,390000000.00,363000000.00,772000000.00,1563000000.00,9621000000.00,11184000000.00,15608000000.00,15608000000.00
2023-06-30 00:00:00,EL,2396000000.00,1652000000.00,2.7900,2.8100,1006000000.00,387000000.00,1397000000.00,1771000000.00,9575000000.00,11346000000.00,15910000000.00,15910000000.00
2022-06-30 00:00:00,EL,3930000000.00,3203000000.00,6.5500,6.6400,2390000000.00,628000000.00,3036000000.00,3544000000.00,9888000000.00,13432000000.00,17737000000.00,17737000000.00
2021-06-30 00:00:00,EL,4155000000.00,3504000000.00,7.7900,7.9100,2870000000.00,456000000.00,3331000000.00,3010000000.00,9371000000.00,12381000000.00,16215000000.00,16215000000.00
2023-12-31 00:00:00,ETSY,398185000.00,306862000.00,2.2400,2.5100,307568000.00,-14748000.00,292820000.00,347932000.00,1571770000.00,1919702000.00,2748377000.00,2748377000.00
2022-12-31 00:00:00,ETSY,-551108000.00,-647810000.00,-5.4800,-5.4800,-694288000.00,32310000.00,-661978000.00,386462000.00,1435057000.00,1821519000.00,2566111000.00,2566111000.00
2021-12-31 00:00:00,ETSY,555806000.00,481539000.00,3.4000,3.8800,493507000.00,-21853000.00,471654000.00,465732000.00,1208870000.00,1674602000.00,2329114000.00,2329114000.00
2020-12-31 00:00:00,ETSY,465923000.00,407734000.00,2.6900,2.8800,349246000.00,16463000.00,365709000.00,424009000.00,836871000.00,1260880000.00,1725625000.00,1725625000.00
2019-12-31 00:00:00,ETSY,,,,,,,,,,,,
2023-12-31 00:00:00,EVRG,2416500000.00,1277600000.00,3.1700,3.1800,731300000.00,15600000.00,751800000.00,1207300000.00,1558200000.00,2765500000.00,5508200000.00,5345100000.00
2022-12-31 00:00:00,EVRG,2194100000.00,1209200000.00,3.2700,3.2700,752700000.00,47500000.00,805200000.00,1204800000.00,1424800000.00,2629600000.00,5859100000.00,5589200000.00
2021-12-31 00:00:00,EVRG,2321500000.00,1373700000.00,3.8300,3.8400,879700000.00,117400000.00,1001100000.00,1267500000.00,1364300000.00,2631800000.00,5586700000.00,5329100000.00
2020-12-31 00:00:00,EVRG,2046200000.00,1107800000.00,2.7200,2.7200,618300000.00,102200000.00,723900000.00,1065700000.00,1322500000.00,2388200000.00,4913400000.00,4781600000.00
2023-12-31 00:00:00,ES,1396127000.00,580404000.00,-1.2700,-1.2700,-442240000.00,159684000.00,-275037000.00,2532235000.00,2314526000.00,4846761000.00,11910705000.00,11910705000.00
2022-12-31 00:00:00,ES,4187380000.00,2544242000.00,4.0500,4.0500,1404875000.00,453574000.00,1865968000.00,2417954000.00,2991980000.00,5409934000.00,12289336000.00,12289336000.00
2021-12-31 00:00:00,ES,3489576000.00,2154603000.00,3.5400,3.5500,1220527000.00,344223000.00,1572269000.00,2077721000.00,2673335000.00,4751056000.00,9863085000.00,9863085000.00
2020-12-31 00:00:00,ES,3256383000.00,2097324000.00,3.5500,3.5600,1205167000.00,346186000.00,1558872000.00,1988734000.00,2447604000.00,4436338000.00,8904430000.00,8904430000.00
2019-12-31 00:00:00,ES,,,,,,,,,,,,
2023-12-31 00:00:00,EXC,7937000000.00,4431000000.00,2.3400,2.3400,2328000000.00,374000000.00,2702000000.00,4013000000.00,4914000000.00,8927000000.00,21727000000.00,21727000000.00
2022-12-31 00:00:00,EXC,7175000000.00,3850000000.00,2.0800,2.1831,2170000000.00,349000000.00,2403000000.00,3317000000.00,4715000000.00,8032000000.00,19078000000.00,19078000000.00
2021-12-31 00:00:00,EXC,9377000000.00,2943000000.00,1.7400,1.7400,1706000000.00,38000000.00,1654000000.00,2682000000.00,4324000000.00,7006000000.00,17938000000.00,17938000000.00
2020-12-31 00:00:00,EXC,10495000000.00,3968000000.00,2.0100,2.0100,1963000000.00,373000000.00,2333000000.00,2799000000.00,6728000000.00,9527000000.00,33039000000.00,33039000000.00
2019-12-31 00:00:00,EXC,,,,,,,,,,,,
2023-12-31 00:00:00,EXPE,2070000000.00,1263000000.00,5.3100,5.5000,797000000.00,330000000.00,1018000000.00,1467000000.00,9799000000.00,11266000000.00,12839000000.00,12839000000.00
2022-12-31 00:00:00,EXPE,1607000000.00,815000000.00,2.1700,2.2400,352000000.00,195000000.00,538000000.00,1189000000.00,8821000000.00,10010000000.00,11667000000.00,11667000000.00
2021-12-31 00:00:00,EXPE,1127000000.00,313000000.00,-1.8000,-1.8000,12000000.00,-53000000.00,-38000000.00,262000000.00,6814000000.00,7076000000.00,8598000000.00,8598000000.00
2020-12-31 00:00:00,EXPE,-1898000000.00,-2791000000.00,-19.0000,-19.0000,-2612000000.00,-423000000.00,-3151000000.00,-1527000000.00,5077000000.00,3550000000.00,5199000000.00,5199000000.00
2019-12-31 00:00:00,EXPE,,,,,,,,,,,,
2023-12-31 00:00:00,EXPD,1087588000.00,1019828000.00,5.0100,5.0500,752883000.00,263249000.00,1015028000.00,939933000.00,305543000.00,1245476000.00,9300110000.00,9300110000.00
2022-12-31 00:00:00,EXPD,1916506000.00,1859168000.00,8.2600,8.3300,1357399000.00,475286000.00,1835891000.00,1824371000.00,346759000.00,2171130000.00,17071284000.00,17071284000.00
2021-12-31 00:00:00,EXPD,1976339000.00,1925027000.00,8.2700,8.3700,1415492000.00,505771000.00,1924616000.00,1909326000.00,256086000.00,2165412000.00,16523517000.00,16523517000.00
2020-12-31 00:00:00,EXPD,1013742000.00,956783000.00,4.0700,4.1400,696140000.00,258350000.00,956564000.00,940437000.00,222328000.00,1162765000.00,9584393000.00,9584393000.00
2023-12-31 00:00:00,EXR,1815886000.00,1309833000.00,4.7400,4.7400,803198000.00,21559000.00,872012000.00,1236873000.00,652461000.00,1889334000.00,2560244000.00,2560244000.00
2022-12-31 00:00:00,EXR,1449568000.00,1161252000.00,6.4100,6.4100,860688000.00,20925000.00,942081000.00,1037701000.00,417567000.00,1455268000.00,1924170000.00,1924170000.00
2021-12-31 00:00:00,EXR,1306144000.00,1064265000.00,6.1900,6.2000,827649000.00,20324000.00,898082000.00,835193000.00,344073000.00,1179266000.00,1577362000.00,1577362000.00
2020-12-31 00:00:00,EXR,928137000.00,703693000.00,3.7100,3.7100,481779000.00,13810000.00,531392000.00,648065000.00,321038000.00,969103000.00,1356212000.00,1356212000.00
2023-12-31 00:00:00,XOM,74273000000.00,53632000000.00,8.8900,8.8900,36010000000.00,15429000000.00,52783000000.00,43747000000.00,40395000000.00,84142000000.00,334697000000.00,334697000000.00
2022-12-31 00:00:00,XOM,102591000000.00,78551000000.00,13.2600,13.2600,55740000000.00,20176000000.00,77753000000.00,63546000000.00,39521000000.00,103067000000.00,398675000000.00,398675000000.00
2021-12-31 00:00:00,XOM,52788000000.00,32181000000.00,5.3900,5.3900,23040000000.00,7636000000.00,31234000000.00,23233000000.00,41653000000.00,64886000000.00,276692000000.00,276692000000.00
2020-12-31 00:00:00,XOM,18284000000.00,-27725000000.00,-5.2500,-5.2500,-22440000000.00,-5632000000.00,-28883000000.00,-30653000000.00,38780000000.00,8127000000.00,178574000000.00,178574000000.00
2023-09-30 00:00:00,FFIV,650658000.00,537956000.00,6.5500,6.5900,394948000.00,91040000.00,485988000.00,537956000.00,1681905000.00,2219861000.00,2813169000.00,2813169000.00
2022-09-30 00:00:00,FFIV,527310000.00,411701000.00,5.2700,5.3400,322160000.00,63233000.00,385393000.00,411701000.00,1744517000.00,2156218000.00,2695845000.00,2695845000.00
2021-09-30 00:00:00,FFIV,509449000.00,394025000.00,5.3400,5.4600,331241000.00,55696000.00,386937000.00,394025000.00,1716245000.00,2110270000.00,2603416000.00,2603416000.00
2020-09-30 00:00:00,FFIV,495924000.00,400067000.00,5.0100,5.0500,307441000.00,88956000.00,396397000.00,400067000.00,1542868000.00,1942935000.00,2350822000.00,2350822000.00
2023-08-31 00:00:00,FDS,788001000.00,650273000.00,12.0300,12.2600,468173000.00,115781000.00,583954000.00,655153000.00,457130000.00,1112283000.00,2085508000.00,2085508000.00
2022-08-31 00:00:00,FDS,609006000.00,479291000.00,10.2500,10.4329,396917000.00,46677000.00,443594000.00,539754000.00,433032000.00,972786000.00,1843892000.00,1843892000.00
2021-08-31 00:00:00,FDS,583139000.00,475817000.00,10.3600,10.6230,399590000.00,68027000.00,467617000.00,474041000.00,331004000.00,805045000.00,1591445000.00,1591445000.00
2020-08-31 00:00:00,FDS,537762000.00,436963000.00,9.6500,9.8064,372938000.00,54196000.00,427134000.00,456160000.00,342505000.00,798665000.00,1494111000.00,1494111000.00
2023-09-30 00:00:00,FICO,663808000.00,649170000.00,16.9300,17.1800,429375000.00,124249000.00,553624000.00,640889000.00,561615000.00,1202504000.00,1513557000.00,1513557000.00
2022-09-30 00:00:00,FICO,560741000.00,540276000.00,14.1800,14.3400,373541000.00,97768000.00,471309000.00,542414000.00,532682000.00,1075096000.00,1377270000.00,1377270000.00
2021-09-30 00:00:00,FICO,538826000.00,513234000.00,13.4000,13.6500,392084000.00,81058000.00,473142000.00,413307000.00,570767000.00,984074000.00,1316536000.00,1316536000.00
2020-09-30 00:00:00,FICO,329544000.00,299177000.00,7.9000,8.1300,236411000.00,20589000.00,257000000.00,340998000.00,592422000.00,933420000.00,1294562000.00,1294562000.00
2023-12-31 00:00:00,FAST,1710100000.00,1532800000.00,2.0200,2.0200,1155000000.00,367000000.00,1522000000.00,1528700000.00,1825800000.00,3354500000.00,7346700000.00,7346700000.00
2022-12-31 00:00:00,FAST,1630900000.00,1454300000.00,1.8900,1.8900,1086900000.00,353100000.00,1440000000.00,1453600000.00,1762200000.00,3215800000.00,6980600000.00,6980600000.00
2021-12-31 00:00:00,FAST,1388200000.00,1217500000.00,1.6000,1.6100,925000000.00,282800000.00,1207800000.00,1217400000.00,1559800000.00,2777200000.00,6010900000.00,6010900000.00
2020-12-31 00:00:00,FAST,1304800000.00,1142400000.00,1.4900,1.5000,859100000.00,273600000.00,1132700000.00,1141800000.00,1426000000.00,2567800000.00,5647300000.00,5647300000.00
2019-12-31 00:00:00,FAST,,,,,,,,,,,,
2024-05-31 00:00:00,FDX,10868000000.00,6581000000.00,17.2100,17.2550,4331000000.00,1505000000.00,5836000000.00,6298000000.00,12654000000.00,18952000000.00,87693000000.00,87693000000.00
2023-05-31 00:00:00,FDX,10233000000.00,6057000000.00,15.4800,15.5156,3972000000.00,1391000000.00,5363000000.00,5338000000.00,13828000000.00,19166000000.00,90155000000.00,90155000000.00
2022-05-31 00:00:00,FDX,9555000000.00,5585000000.00,14.3300,14.3835,3826000000.00,1070000000.00,4896000000.00,6523000000.00,13644000000.00,20167000000.00,93512000000.00,93512000000.00
2021-05-31 00:00:00,FDX,11260000000.00,7467000000.00,19.4500,19.5187,5231000000.00,1443000000.00,6674000000.00,5973000000.00,11981000000.00,17954000000.00,83959000000.00,83959000000.00
2023-12-31 00:00:00,FIS,4051000000.00,1376000000.00,-11.2600,-11.2600,-6654000000.00,157000000.00,663000000.00,1580000000.00,2096000000.00,3676000000.00,9821000000.00,9821000000.00
2022-12-31 00:00:00,FIS,5085000000.00,1239000000.00,-27.6800,-27.6800,-16720000000.00,325000000.00,941000000.00,1321000000.00,2182000000.00,3503000000.00,9719000000.00,9719000000.00
2021-12-31 00:00:00,FIS,4948000000.00,933000000.00,0.6700,0.6800,417000000.00,403000000.00,719000000.00,1234000000.00,2115000000.00,3349000000.00,9339000000.00,9339000000.00
2020-12-31 00:00:00,FIS,4319000000.00,605000000.00,0.2500,0.2600,158000000.00,96000000.00,266000000.00,688000000.00,3516000000.00,4204000000.00,12552000000.00,12552000000.00
2023-12-31 00:00:00,FSLR,1212249000.00,904255000.00,7.7400,7.7800,830777000.00,60513000.00,891290000.00,885973000.00,414706000.00,1300679000.00,3318602000.00,3318602000.00
2022-12-31 00:00:00,FSLR,290547000.00,20823000.00,-0.4100,-0.4100,-44166000.00,52764000.00,8598000.00,-280747000.00,350605000.00,69858000.00,2619319000.00,2619319000.00
2021-12-31 00:00:00,FSLR,845169000.00,585269000.00,4.3800,4.4100,468693000.00,103469000.00,572162000.00,439467000.00,290487000.00,729954000.00,2923377000.00,2923377000.00
2020-12-31 00:00:00,FSLR,550151000.00,317226000.00,3.7300,3.7600,398355000.00,-107294000.00,293190000.00,323489000.00,357184000.00,680673000.00,2711332000.00,2711332000.00
2019-12-31 00:00:00,FSLR,,,,,,,,,,,,
2023-12-31 00:00:00,FE,3952000000.00,2491000000.00,1.9200,1.9200,1102000000.00,267000000.00,1464000000.00,2188000000.00,6036000000.00,8224000000.00,12870000000.00,12454000000.00
2022-12-31 00:00:00,FE,3769000000.00,2394000000.00,0.7100,0.7100,406000000.00,1000000000.00,1439000000.00,1982000000.00,5884000000.00,7866000000.00,12459000000.00,11779000000.00
2021-12-31 00:00:00,FE,4287000000.00,2623000000.00,2.3500,2.3500,1283000000.00,320000000.00,1559000000.00,2229000000.00,5458000000.00,7687000000.00,11132000000.00,10617000000.00
2020-12-31 00:00:00,FE,3391000000.00,2117000000.00,1.9900,1.9900,1079000000.00,126000000.00,1129000000.00,1685000000.00,6035000000.00,7720000000.00,10790000000.00,10301000000.00
2019-12-31 00:00:00,FE,,,,,,,,,,,,
2023-12-31 00:00:00,FI,8023000000.00,4902000000.00,4.9800,5.0200,3068000000.00,754000000.00,3898000000.00,4847000000.00,6576000000.00,11423000000.00,19093000000.00,19093000000.00
2022-12-31 00:00:00,FI,6828000000.00,3659000000.00,3.9100,4.0159,2530000000.00,551000000.00,2913000000.00,3686000000.00,6059000000.00,9745000000.00,17737000000.00,17737000000.00
2021-12-31 00:00:00,FI,5558000000.00,2362000000.00,1.9900,2.0523,1334000000.00,363000000.00,1666000000.00,2288000000.00,5810000000.00,8098000000.00,16226000000.00,16226000000.00
2020-12-31 00:00:00,FI,5097000000.00,1887000000.00,1.4000,1.4318,958000000.00,196000000.00,1171000000.00,1388000000.00,5652000000.00,7040000000.00,14852000000.00,14852000000.00
2019-12-31 00:00:00,FI,,,,,,,,,,,,
2023-12-31 00:00:00,FMC,721700000.00,537400000.00,10.5300,10.5500,1321500000.00,-1119300000.00,300200000.00,749700000.00,1081300000.00,1831000000.00,4486800000.00,4486800000.00
2022-12-31 00:00:00,FMC,1305100000.00,1135700000.00,5.8100,5.8300,736500000.00,145200000.00,983900000.00,1228800000.00,1098000000.00,2326800000.00,5802300000.00,5802300000.00
2021-12-31 00:00:00,FMC,1199800000.00,1028900000.00,5.7000,5.7200,739600000.00,92500000.00,897800000.00,1136900000.00,1024400000.00,2161300000.00,5045200000.00,5045200000.00
2020-12-31 00:00:00,FMC,1045000000.00,882300000.00,4.2200,4.2400,552400000.00,151200000.00,731000000.00,1029100000.00,1017600000.00,2046700000.00,4642100000.00,4642100000.00
2019-12-31 00:00:00,FMC,,,,,,,,,,,,
2023-12-31 00:00:00,F,11808000000.00,5285000000.00,1.0800,1.0900,4347000000.00,-362000000.00,3967000000.00,5458000000.00,10702000000.00,16160000000.00,176191000000.00,176191000000.00
2022-12-31 00:00:00,F,4759000000.00,-1734000000.00,-0.4900,-0.4900,-1981000000.00,-864000000.00,-3016000000.00,6276000000.00,10888000000.00,17164000000.00,158057000000.00,158057000000.00
2021-12-31 00:00:00,F,25543000000.00,19583000000.00,4.4500,4.4900,17937000000.00,-130000000.00,17780000000.00,4523000000.00,11915000000.00,16438000000.00,136341000000.00,136341000000.00
2020-12-31 00:00:00,F,7992000000.00,535000000.00,-0.3200,-0.3200,-1279000000.00,160000000.00,-1116000000.00,-4408000000.00,10193000000.00,5785000000.00,127144000000.00,127144000000.00
2019-12-31 00:00:00,F,,,,,,,,,,,,
2023-12-31 00:00:00,FTNT,1468100000.00,1354700000.00,1.4600,1.4700,1147800000.00,143800000.00,1333700000.00,1236500000.00,2831100000.00,4067600000.00,5304800000.00,5304800000.00
2022-12-31 00:00:00,FTNT,1077800000.00,973500000.00,1.0600,1.0800,857300000.00,30800000.00,955500000.00,965000000.00,2367500000.00,3332500000.00,4417400000.00,4417400000.00
2021-12-31 00:00:00,FTNT,727700000.00,643300000.00,0.7300,0.7400,606800000.00,14100000.00,628400000.00,645800000.00,1913400000.00,2559200000.00,3342200000.00,3342200000.00
2020-12-31 00:00:00,FTNT,610500000.00,541700000.00,0.5800,0.6000,488500000.00,53200000.00,541700000.00,491600000.00,1532800000.00,2024400000.00,2594400000.00,2594400000.00
2019-12-31 00:00:00,FTNT,,,,,,,,,,,,
2023-12-31 00:00:00,FTV,1571100000.00,1114300000.00,2.4300,2.4600,865800000.00,125000000.00,990800000.00,1133700000.00,2460400000.00,3594100000.00,6065300000.00,6065300000.00
2022-12-31 00:00:00,FTV,1437400000.00,971800000.00,2.1000,2.1200,755200000.00,118300000.00,873500000.00,1005300000.00,2358100000.00,3363400000.00,5825700000.00,5825700000.00
2021-12-31 00:00:00,FTV,1176200000.00,780700000.00,1.6300,1.6400,608400000.00,63300000.00,677500000.00,812800000.00,2194300000.00,3007100000.00,5254700000.00,5254700000.00
2020-12-31 00:00:00,FTV,2040200000.00,1656200000.00,4.5000,4.5800,1613300000.00,55500000.00,1507700000.00,539400000.00,2069100000.00,2608500000.00,4634400000.00,4634400000.00
2019-12-31 00:00:00,FTV,,,,,,,,,,,,
2023-09-30 00:00:00,BEN,1984800000.00,1539400000.00,1.7200,1.7200,882800000.00,312300000.00,1415700000.00,1436900000.00,4913000000.00,6349900000.00,7849400000.00,7809300000.00
2019-12-31 00:00:00,ICE,,,,,,,,,,,,
2022-09-30 00:00:00,BEN,2205400000.00,1827600000.00,2.5300,2.5300,1291900000.00,396200000.00,1729400000.00,1945300000.00,4903600000.00,6848900000.00,8275300000.00,8224800000.00
2021-09-30 00:00:00,BEN,2840200000.00,2529600000.00,3.5700,3.5800,1831200000.00,349600000.00,2444200000.00,2064000000.00,4932900000.00,6996900000.00,8425500000.00,8388300000.00
2020-09-30 00:00:00,BEN,1179800000.00,1051300000.00,1.5900,1.5900,798900000.00,230800000.00,1017900000.00,1244700000.00,3259100000.00,4503800000.00,5566500000.00,5538800000.00
2023-12-31 00:00:00,FCX,8589000000.00,6521000000.00,1.2800,1.2878,1848000000.00,2270000000.00,6006000000.00,6225000000.00,935000000.00,7160000000.00,22855000000.00,22855000000.00
2022-12-31 00:00:00,FCX,9294000000.00,7275000000.00,2.3900,2.4252,3468000000.00,2267000000.00,6715000000.00,7035000000.00,656000000.00,7691000000.00,22780000000.00,22780000000.00
2021-12-31 00:00:00,FCX,10259000000.00,8261000000.00,2.9000,2.9554,4306000000.00,2299000000.00,7659000000.00,8286000000.00,529000000.00,8815000000.00,22845000000.00,22845000000.00
2020-12-31 00:00:00,FCX,3923000000.00,2395000000.00,0.4100,0.4108,599000000.00,944000000.00,1797000000.00,1964000000.00,579000000.00,2543000000.00,14198000000.00,14198000000.00
2019-12-31 00:00:00,FCX,,,,,,,,,,,,
2023-12-31 00:00:00,GRMN,1269732000.00,1092160000.00,6.7100,6.7400,1289636000.00,-89280000.00,1200356000.00,1092160000.00,1912795000.00,3004955000.00,5228252000.00,5228252000.00
2022-12-31 00:00:00,GRMN,1191698000.00,1027845000.00,5.0400,5.0600,973585000.00,91389000.00,1064974000.00,1027845000.00,1778930000.00,2806775000.00,4860286000.00,4860286000.00
2021-12-31 00:00:00,GRMN,1373438000.00,1218620000.00,5.6100,5.6300,1082200000.00,124596000.00,1206796000.00,1218620000.00,1671839000.00,2890459000.00,4982795000.00,4982795000.00
2020-12-31 00:00:00,GRMN,1180955000.00,1054240000.00,5.1700,5.1900,992324000.00,111086000.00,1103410000.00,1054240000.00,1427096000.00,2481336000.00,4186573000.00,4186573000.00
2023-12-31 00:00:00,IT,1471004000.00,1279901000.00,11.0800,11.1700,882466000.00,264663000.00,1147129000.00,1111071000.00,2892645000.00,4003716000.00,5906956000.00,5906956000.00
2022-12-31 00:00:00,IT,1345344000.00,1153398000.00,9.9600,10.0800,807799000.00,219396000.00,1027195000.00,1109185000.00,2672890000.00,3782075000.00,5475846000.00,5475846000.00
2021-12-31 00:00:00,IT,1300788000.00,1088383000.00,9.2100,9.3300,793560000.00,176310000.00,969870000.00,921806000.00,2368063000.00,3289869000.00,4733962000.00,4733962000.00
2020-12-31 00:00:00,IT,660753000.00,441769000.00,2.9600,2.9900,266745000.00,59388000.00,326133000.00,496432000.00,2257947000.00,2754379000.00,4099403000.00,4099403000.00
2023-12-31 00:00:00,GE,13388000000.00,11309000000.00,8.3600,8.4400,9481000000.00,1162000000.00,10191000000.00,3574000000.00,13988000000.00,17562000000.00,67954000000.00,67954000000.00
2022-12-31 00:00:00,GE,3580000000.00,678000000.00,0.0500,0.0500,339000000.00,-3000000.00,-799000000.00,276000000.00,13551000000.00,13827000000.00,58099000000.00,58099000000.00
2021-12-31 00:00:00,GE,-1545000000.00,-3905000000.00,-6.1600,-6.1600,-6337000000.00,-757000000.00,-5695000000.00,1058000000.00,12033000000.00,13091000000.00,56469000000.00,56469000000.00
2020-12-31 00:00:00,GE,12949000000.00,9485000000.00,4.6400,4.6400,5704000000.00,-487000000.00,5970000000.00,409000000.00,17554000000.00,17963000000.00,75834000000.00,75834000000.00
2019-12-31 00:00:00,GE,,,,,,,,,,,,
2023-12-31 00:00:00,GEHC,3513000000.00,2903000000.00,3.0300,3.0500,1568000000.00,743000000.00,2361000000.00,2435000000.00,5487000000.00,7922000000.00,19552000000.00,19552000000.00
2022-12-31 00:00:00,GEHC,3231000000.00,2598000000.00,4.6300,4.6300,1916000000.00,563000000.00,2512000000.00,2522000000.00,4657000000.00,7179000000.00,18341000000.00,18341000000.00
2021-12-31 00:00:00,GEHC,3540000000.00,2915000000.00,4.9416,4.9416,2247000000.00,600000000.00,2875000000.00,2795000000.00,4379000000.00,7174000000.00,17585000000.00,17585000000.00
2020-12-31 00:00:00,GEHC,3406000000.00,2776000000.00,30.4502,30.4502,13846000000.00,652000000.00,2710000000.00,2720000000.00,4047000000.00,6767000000.00,17164000000.00,17164000000.00
2019-12-31 00:00:00,GEHC,,,,,,,,,,,,
2023-12-31 00:00:00,GEV,986000000.00,22000000.00,-1.9800,-1.9800,-540000000.00,527000000.00,-49000000.00,-1021000000.00,5824000000.00,4803000000.00,33239000000.00,33226000000.00
2022-12-31 00:00:00,GEV,-526000000.00,-2323000000.00,-10.0557,-10.0557,-2736000000.00,248000000.00,-2474000000.00,-2881000000.00,6339000000.00,3458000000.00,29654000000.00,29654000000.00
2021-12-31 00:00:00,GEV,484000000.00,-692000000.00,-2.3265,-2.3265,-633000000.00,-140000000.00,-864000000.00,-884000000.00,5829000000.00,4945000000.00,33006000000.00,33006000000.00
2024-03-31 00:00:00,GEN,1613000000.00,1128000000.00,0.9600,0.9700,616000000.00,-157000000.00,459000000.00,1179000000.00,1902000000.00,3081000000.00,3812000000.00,3812000000.00
2023-03-31 00:00:00,GEN,1534000000.00,1205000000.00,2.1600,2.2000,1349000000.00,-545000000.00,804000000.00,1296000000.00,1453000000.00,2749000000.00,3338000000.00,3338000000.00
2022-03-31 00:00:00,GEN,1308000000.00,1168000000.00,1.4100,1.4400,836000000.00,206000000.00,1042000000.00,1036000000.00,1352000000.00,2388000000.00,2796000000.00,2796000000.00
2021-03-31 00:00:00,GEN,1166000000.00,1016000000.00,0.9200,0.9400,554000000.00,176000000.00,872000000.00,1057000000.00,1132000000.00,2189000000.00,2551000000.00,2551000000.00
2020-03-31 00:00:00,GEN,,,,,,,,,,,,
2023-12-31 00:00:00,GNRC,554529000.00,387927000.00,3.2700,3.3100,203089000.00,73180000.00,290300000.00,386659000.00,978772000.00,1365431000.00,4022667000.00,4022667000.00
2022-12-31 00:00:00,GNRC,719433000.00,563292000.00,5.4200,5.5500,350267000.00,99596000.00,508466000.00,567789000.00,954215000.00,1522004000.00,4564737000.00,4564737000.00
2021-12-31 00:00:00,GNRC,816520000.00,724479000.00,8.3000,8.5100,533392000.00,134957000.00,691526000.00,742601000.00,617481000.00,1360082000.00,3737184000.00,3737184000.00
2020-12-31 00:00:00,GNRC,547955000.00,479182000.00,5.4800,5.6100,349329000.00,98973000.00,446191000.00,480517000.00,477137000.00,957654000.00,2485200000.00,2485200000.00
2019-12-31 00:00:00,GNRC,,,,,,,,,,,,
2023-12-31 00:00:00,GD,5246000000.00,4383000000.00,12.0200,12.1400,3315000000.00,669000000.00,3984000000.00,4245000000.00,2427000000.00,6672000000.00,42272000000.00,42272000000.00
2022-12-31 00:00:00,GD,5311000000.00,4427000000.00,12.1900,12.3100,3390000000.00,646000000.00,4036000000.00,4211000000.00,2411000000.00,6622000000.00,39407000000.00,39407000000.00
2021-12-31 00:00:00,GD,5194000000.00,4304000000.00,11.5500,11.6100,3257000000.00,616000000.00,3873000000.00,4163000000.00,2245000000.00,6408000000.00,38469000000.00,38469000000.00
2020-12-31 00:00:00,GD,5105000000.00,4227000000.00,11.0000,11.0400,3167000000.00,571000000.00,3738000000.00,4133000000.00,2192000000.00,6325000000.00,37925000000.00,37925000000.00
2019-12-31 00:00:00,GD,,,,,,,,,,,,
2024-05-31 00:00:00,GIS,4079000000.00,3526300000.00,4.3100,4.3400,2496600000.00,594500000.00,3028300000.00,3673100000.00,3259000000.00,6932100000.00,19857200000.00,19857200000.00
2023-05-31 00:00:00,GIS,4083200000.00,3536600000.00,4.3100,4.3600,2593900000.00,612200000.00,3140500000.00,3045400000.00,3500400000.00,6545800000.00,20094200000.00,20094200000.00
2022-05-31 00:00:00,GIS,4163300000.00,3593000000.00,4.4200,4.4600,2707300000.00,586300000.00,3209600000.00,3255200000.00,3147000000.00,6402200000.00,18992800000.00,18992800000.00
2021-05-31 00:00:00,GIS,3886400000.00,3285100000.00,3.7800,3.8100,2339800000.00,629100000.00,2857400000.00,3368700000.00,3079600000.00,6448300000.00,18127000000.00,18127000000.00
2023-12-31 00:00:00,GM,23202000000.00,11314000000.00,7.3200,7.3500,10127000000.00,563000000.00,10403000000.00,9298000000.00,9840000000.00,19138000000.00,171842000000.00,171842000000.00
2022-12-31 00:00:00,GM,23874000000.00,12584000000.00,6.1300,6.1700,9934000000.00,1888000000.00,11597000000.00,10314000000.00,10667000000.00,20981000000.00,156735000000.00,156735000000.00
2021-12-31 00:00:00,GM,25717000000.00,13666000000.00,6.7000,6.7800,10019000000.00,2771000000.00,12716000000.00,9324000000.00,8554000000.00,17878000000.00,127004000000.00,127004000000.00
2020-12-31 00:00:00,GM,22008000000.00,9193000000.00,4.3300,4.3600,6427000000.00,1774000000.00,8095000000.00,6634000000.00,7038000000.00,13672000000.00,122485000000.00,122485000000.00
2019-12-31 00:00:00,GM,,,,,,,,,,,,
2023-12-31 00:00:00,GPC,2157346000.00,1806817000.00,9.3300,9.3800,1316524000.00,425824000.00,1742348000.00,1747053000.00,6543619000.00,8290672000.00,23090610000.00,23090610000.00
2022-12-31 00:00:00,GPC,1994308000.00,1646489000.00,8.3100,8.3600,1182701000.00,389901000.00,1572602000.00,1614199000.00,6125905000.00,7740104000.00,22095973000.00,22095973000.00
2021-12-31 00:00:00,GPC,1553467000.00,1262496000.00,6.2300,6.2700,898790000.00,301556000.00,1200346000.00,1162920000.00,5471216000.00,6634136000.00,18870510000.00,18870510000.00
2020-12-31 00:00:00,GPC,743258000.00,470416000.00,-0.2000,-0.2000,-29102000.00,215973000.00,379368000.00,971683000.00,4683158000.00,5654841000.00,16537433000.00,16537433000.00
2019-12-31 00:00:00,GPC,,,,,,,,,,,,
2023-12-31 00:00:00,GILD,10496000000.00,7803000000.00,4.5000,4.5400,5665000000.00,1247000000.00,6859000000.00,8810000000.00,11808000000.00,20618000000.00,27116000000.00,27116000000.00
2022-12-31 00:00:00,GILD,8852000000.00,6749000000.00,3.6400,3.6600,4592000000.00,1248000000.00,5814000000.00,10974000000.00,10650000000.00,21624000000.00,27281000000.00,27281000000.00
2021-12-31 00:00:00,GILD,11329000000.00,9279000000.00,4.9300,4.9600,6225000000.00,2077000000.00,8278000000.00,10857000000.00,9847000000.00,20704000000.00,27305000000.00,27305000000.00
2020-12-31 00:00:00,GILD,4133000000.00,2653000000.00,0.1000,0.1000,123000000.00,1580000000.00,1669000000.00,9927000000.00,10190000000.00,20117000000.00,24689000000.00,24689000000.00
2023-12-31 00:00:00,GPN,3606789000.00,1830097000.00,3.7700,3.7800,986233000.00,209020000.00,1169947000.00,1853130000.00,4073768000.00,5926898000.00,9654419000.00,9654419000.00
2022-12-31 00:00:00,GPN,2336210000.00,673755000.00,0.4000,0.4100,111493000.00,166694000.00,224322000.00,1672320000.00,3524578000.00,5196898000.00,8975515000.00,8975515000.00
2021-12-31 00:00:00,GPN,3069580000.00,1378196000.00,3.2900,3.3000,965460000.00,169034000.00,1044545000.00,1358876000.00,3391161000.00,4750037000.00,8523762000.00,8523762000.00
2020-12-31 00:00:00,GPN,2551944000.00,937504000.00,1.9500,1.9500,584520000.00,77153000.00,593956000.00,893953000.00,2878878000.00,3772831000.00,7423558000.00,7423558000.00
2023-12-31 00:00:00,GDDY,754100000.00,582800000.00,9.2000,9.3900,1374800000.00,-971800000.00,403800000.00,638200000.00,2042300000.00,2680500000.00,4254100000.00,4254100000.00
2022-12-31 00:00:00,GDDY,697400000.00,502800000.00,2.1900,2.2200,352200000.00,3600000.00,356500000.00,514500000.00,2092300000.00,2606800000.00,4091300000.00,4091300000.00
2021-12-31 00:00:00,GDDY,579200000.00,379600000.00,1.4200,1.4400,242300000.00,10800000.00,253600000.00,381800000.00,2061700000.00,2443500000.00,3815700000.00,3815700000.00
2020-12-31 00:00:00,GDDY,-201400000.00,-404100000.00,-2.9400,-2.9400,-495100000.00,-1300000.00,-495400000.00,-358900000.00,2517000000.00,2158100000.00,3316700000.00,3316700000.00
2019-12-31 00:00:00,GDDY,,,,,,,,,,,,
2023-12-31 00:00:00,HAL,4939000000.00,3941000000.00,2.9200,2.9300,2638000000.00,701000000.00,3363000000.00,4185000000.00,175000000.00,4360000000.00,23018000000.00,23018000000.00
2022-12-31 00:00:00,HAL,3542000000.00,2602000000.00,1.7400,1.7400,1572000000.00,515000000.00,2110000000.00,3073000000.00,240000000.00,3313000000.00,20297000000.00,20297000000.00
2021-12-31 00:00:00,HAL,2685000000.00,1781000000.00,1.6300,1.6300,1457000000.00,-216000000.00,1252000000.00,1776000000.00,240000000.00,2016000000.00,15295000000.00,15295000000.00
2020-12-31 00:00:00,HAL,-1619000000.00,-2677000000.00,-3.3400,-3.3400,-2945000000.00,-278000000.00,-3220000000.00,1363000000.00,182000000.00,1545000000.00,14445000000.00,14445000000.00
2019-12-31 00:00:00,HAL,,,,,,,,,,,,
2023-12-31 00:00:00,HAS,-863200000.00,-1522800000.00,-10.7300,-10.7300,-1489300000.00,-221300000.00,-1709100000.00,191400000.00,2677600000.00,2869000000.00,5003300000.00,5003300000.00
2022-12-31 00:00:00,HAS,1220600000.00,432500000.00,1.4600,1.4700,203500000.00,58500000.00,261500000.00,429800000.00,3022100000.00,3451900000.00,5856700000.00,5856700000.00
2021-12-31 00:00:00,HAS,1670300000.00,761600000.00,3.1000,3.1100,428700000.00,146600000.00,581900000.00,872100000.00,3000400000.00,3872500000.00,6420400000.00,6420400000.00
2020-12-31 00:00:00,HAS,1175200000.00,523200000.00,1.6200,1.6200,222500000.00,96700000.00,322100000.00,720400000.00,2456100000.00,3176500000.00,5465400000.00,5465400000.00
2019-12-31 00:00:00,HAS,,,,,,,,,,,,
2023-12-31 00:00:00,HCA,12721000000.00,9644000000.00,18.9700,19.2500,5242000000.00,1615000000.00,7706000000.00,9627000000.00,15952000000.00,25579000000.00,64968000000.00,61894000000.00
2022-12-31 00:00:00,HCA,13290000000.00,10321000000.00,19.1500,19.4300,5643000000.00,1746000000.00,8580000000.00,9053000000.00,14124000000.00,23177000000.00,60233000000.00,56719000000.00
2021-12-31 00:00:00,HCA,14252000000.00,11399000000.00,21.1600,22.7710,6956000000.00,2112000000.00,9833000000.00,9678000000.00,12814000000.00,22492000000.00,58752000000.00,55916000000.00
2020-12-31 00:00:00,HCA,9735000000.00,7014000000.00,10.9300,11.0599,3754000000.00,1043000000.00,5430000000.00,7262000000.00,12028000000.00,19290000000.00,51533000000.00,49658000000.00
2019-12-31 00:00:00,HCA,,,,,,,,,,,,
2023-12-31 00:00:00,DOC,1265168000.00,515267000.00,0.5600,0.5600,306009000.00,-9617000.00,314936000.00,433910000.00,845033000.00,1278943000.00,2181003000.00,2181003000.00
2022-12-31 00:00:00,DOC,1390643000.00,680074000.00,0.9200,0.9200,500449000.00,-4425000.00,507130000.00,356585000.00,841602000.00,1198187000.00,2061178000.00,2061178000.00
2021-12-31 00:00:00,DOC,970633000.00,286347000.00,0.9300,0.9300,505540000.00,-3261000.00,128367000.00,340316000.00,782589000.00,1122905000.00,1896184000.00,1896184000.00
2020-12-31 00:00:00,DOC,1133162000.00,436019000.00,0.7700,0.7700,413563000.00,-9423000.00,217683000.00,215148000.00,647186000.00,862334000.00,1644875000.00,1644875000.00
2019-12-31 00:00:00,DOC,,,,,,,,,,,,
2023-12-31 00:00:00,HSIC,877000000.00,629000000.00,3.1600,3.1800,416000000.00,120000000.00,542000000.00,695000000.00,3166000000.00,3861000000.00,12339000000.00,12339000000.00
2022-12-31 00:00:00,HSIC,968000000.00,756000000.00,3.9100,3.9500,538000000.00,170000000.00,721000000.00,878000000.00,2953000000.00,3831000000.00,12647000000.00,12647000000.00
2021-12-31 00:00:00,HSIC,1068000000.00,858000000.00,4.4500,4.5100,631000000.00,198000000.00,831000000.00,860000000.00,2814000000.00,3674000000.00,12401000000.00,12401000000.00
2020-12-31 00:00:00,HSIC,726810000.00,541272000.00,2.8200,2.8300,403794000.00,95374000.00,499895000.00,567396000.00,2246832000.00,2814228000.00,10119141000.00,10119141000.00
2019-12-31 00:00:00,HSIC,,,,,,,,,,,,
2023-12-31 00:00:00,HSY,2753190000.00,2333375000.00,9.0600,9.3100,1861787000.00,310077000.00,2171864000.00,2533298000.00,2464518000.00,4997816000.00,11164992000.00,11164992000.00
2022-12-31 00:00:00,HSY,2436125000.00,2057166000.00,7.9600,8.2200,1644817000.00,272254000.00,1917071000.00,2244310000.00,2254475000.00,4498785000.00,10419294000.00,10419294000.00
2021-12-31 00:00:00,HSY,2242072000.00,1927070000.00,7.1100,7.3400,1477512000.00,314405000.00,1797224000.00,2042070000.00,2006528000.00,4048598000.00,8971337000.00,8971337000.00
2020-12-31 00:00:00,HSY,1943375000.00,1648468000.00,6.1100,6.3000,1278708000.00,219584000.00,1494997000.00,1810344000.00,1890925000.00,3701269000.00,8149719000.00,8149719000.00
2019-12-31 00:00:00,HSY,,,,,,,,,,,,
2023-12-31 00:00:00,HES,5142000000.00,2949000000.00,4.4900,4.4993,1382000000.00,733000000.00,2471000000.00,2897000000.00,5352000000.00,8249000000.00,10511000000.00,10667000000.00
2022-12-31 00:00:00,HES,5798000000.00,4039000000.00,7.1100,7.2605,2096000000.00,1099000000.00,3546000000.00,3847000000.00,5519000000.00,9366000000.00,11324000000.00,11865000000.00
2021-12-31 00:00:00,HES,3510000000.00,1971000000.00,1.8047,1.8047,559000000.00,600000000.00,1490000000.00,2008000000.00,3765000000.00,5773000000.00,7473000000.00,7683000000.00
2020-12-31 00:00:00,HES,-308000000.00,-2382000000.00,-10.1476,-10.0756,-3093000000.00,-11000000.00,-2850000000.00,-393000000.00,2862000000.00,2469000000.00,4667000000.00,4094000000.00
2019-12-31 00:00:00,HES,,,,,,,,,,,,
2023-10-31 00:00:00,HPE,5058000000.00,2442000000.00,1.5400,1.5600,2025000000.00,205000000.00,2230000000.00,2442000000.00,7797000000.00,10239000000.00,29135000000.00,29135000000.00
2022-10-31 00:00:00,HPE,4707000000.00,2227000000.00,0.6600,0.6700,868000000.00,8000000.00,876000000.00,2227000000.00,7279000000.00,9506000000.00,28496000000.00,28496000000.00
2021-10-31 00:00:00,HPE,4711000000.00,2114000000.00,2.5800,2.6200,3427000000.00,160000000.00,3587000000.00,2114000000.00,7262000000.00,9376000000.00,27784000000.00,27784000000.00
2020-10-31 00:00:00,HPE,4217000000.00,1592000000.00,-0.2500,-0.2500,-322000000.00,-120000000.00,-442000000.00,1592000000.00,6877000000.00,8469000000.00,26982000000.00,26982000000.00
2019-10-31 00:00:00,HPE,,,,,,,,,,,,
2023-12-31 00:00:00,HLT,2303000000.00,2156000000.00,4.3300,4.3600,1141000000.00,541000000.00,1692000000.00,2263000000.00,667000000.00,2930000000.00,10235000000.00,4230000000.00
2022-12-31 00:00:00,HLT,2311000000.00,2149000000.00,4.5300,4.5600,1255000000.00,477000000.00,1734000000.00,2094000000.00,604000000.00,2698000000.00,8773000000.00,3634000000.00
2021-12-31 00:00:00,HLT,1145000000.00,957000000.00,1.4600,1.4700,410000000.00,153000000.00,560000000.00,1017000000.00,638000000.00,1655000000.00,5788000000.00,2365000000.00
2020-12-31 00:00:00,HLT,-164000000.00,-495000000.00,-2.5800,-2.5800,-715000000.00,-204000000.00,-924000000.00,-119000000.00,702000000.00,583000000.00,4307000000.00,1527000000.00
2019-12-31 00:00:00,HLT,,,,,,,,,,,,
2023-09-30 00:00:00,HOLX,1110600000.00,787200000.00,1.8300,1.8500,456000000.00,220100000.00,676100000.00,761500000.00,1310000000.00,2071500000.00,4030400000.00,4030400000.00
2022-09-30 00:00:00,HOLX,2113400000.00,1683300000.00,5.1300,5.1800,1302000000.00,286200000.00,1588200000.00,1630800000.00,1366600000.00,2997400000.00,4862800000.00,4862800000.00
2021-09-30 00:00:00,HOLX,2861600000.00,2454700000.00,7.2100,7.2800,1871500000.00,491400000.00,2361100000.00,2482900000.00,1312900000.00,3795800000.00,5632300000.00,5632300000.00
2020-09-30 00:00:00,HOLX,1494400000.00,1118400000.00,4.2100,4.2400,1115200000.00,-108600000.00,1001900000.00,1125000000.00,1102500000.00,2227500000.00,3776400000.00,3776400000.00
2024-01-31 00:00:00,HD,25114000000.00,21867000000.00,15.1100,15.1600,15143000000.00,4781000000.00,19924000000.00,21689000000.00,29271000000.00,50960000000.00,152669000000.00,152669000000.00
2023-01-31 00:00:00,HD,27069000000.00,24094000000.00,16.6900,16.7400,17105000000.00,5372000000.00,22477000000.00,24039000000.00,28739000000.00,52778000000.00,157403000000.00,157403000000.00
2022-01-31 00:00:00,HD,25946000000.00,23084000000.00,15.5300,15.5900,16433000000.00,5304000000.00,21737000000.00,23040000000.00,27792000000.00,50832000000.00,151157000000.00,151157000000.00
2021-01-31 00:00:00,HD,20844000000.00,18325000000.00,11.9400,11.9800,12866000000.00,4112000000.00,16978000000.00,18278000000.00,26575000000.00,44853000000.00,132110000000.00,132110000000.00
2020-01-31 00:00:00,HD,,,,,,,,,,,,
2023-12-31 00:00:00,HON,9100000000.00,7924000000.00,8.4700,8.5300,5658000000.00,1487000000.00,7159000000.00,7554000000.00,6113000000.00,13667000000.00,36662000000.00,36662000000.00
2022-12-31 00:00:00,HON,7997000000.00,6793000000.00,7.2700,7.3300,4966000000.00,1412000000.00,6379000000.00,7070000000.00,6049000000.00,13119000000.00,35466000000.00,35466000000.00
2021-12-31 00:00:00,HON,8801000000.00,7578000000.00,7.9100,8.0100,5542000000.00,1625000000.00,7235000000.00,7473000000.00,4858000000.00,12331000000.00,34392000000.00,34392000000.00
2020-12-31 00:00:00,HON,7373000000.00,6371000000.00,6.7200,6.7900,4779000000.00,1147000000.00,6012000000.00,6654000000.00,3814000000.00,10468000000.00,32637000000.00,32637000000.00
2023-10-31 00:00:00,HRL,1340185000.00,1086874000.00,1.4500,1.4500,793572000.00,220552000.00,1013472000.00,1057674000.00,942167000.00,1999841000.00,12110010000.00,12110010000.00
2022-10-31 00:00:00,HRL,1576503000.00,1340618000.00,1.8200,1.8400,999987000.00,277877000.00,1278103000.00,1285421000.00,879265000.00,2164686000.00,12458806000.00,12458806000.00
2021-10-31 00:00:00,HRL,1378786000.00,1169477000.00,1.6600,1.6800,908839000.00,217029000.00,1126170000.00,1074835000.00,853071000.00,1927906000.00,11386189000.00,11386189000.00
2020-10-31 00:00:00,HRL,1341597000.00,1135816000.00,1.6600,1.6900,908082000.00,206393000.00,1114747000.00,1064648000.00,761315000.00,1825963000.00,9608462000.00,9608462000.00
2023-12-31 00:00:00,HST,1672000000.00,975000000.00,1.0400,1.0400,740000000.00,36000000.00,788000000.00,758000000.00,2341000000.00,3099000000.00,5311000000.00,4826000000.00
2022-12-31 00:00:00,HST,1489000000.00,825000000.00,0.8800,0.8900,633000000.00,26000000.00,669000000.00,763000000.00,2164000000.00,2927000000.00,4907000000.00,4432000000.00
2021-12-31 00:00:00,HST,851000000.00,89000000.00,-0.0200,-0.0200,-11000000.00,-91000000.00,-102000000.00,-258000000.00,1848000000.00,1590000000.00,2890000000.00,2532000000.00
2020-12-31 00:00:00,HST,-102000000.00,-767000000.00,-1.0400,-1.0400,-732000000.00,-220000000.00,-961000000.00,-953000000.00,1479000000.00,526000000.00,1620000000.00,1402000000.00
2019-12-31 00:00:00,HST,,,,,,,,,,,,
2023-12-31 00:00:00,HWM,1465000000.00,1193000000.00,1.8300,1.8500,765000000.00,210000000.00,975000000.00,1216000000.00,651000000.00,1867000000.00,6640000000.00,6640000000.00
2022-12-31 00:00:00,HWM,1100000000.00,835000000.00,1.1100,1.1200,469000000.00,137000000.00,606000000.00,983000000.00,577000000.00,1560000000.00,5663000000.00,5663000000.00
2021-12-31 00:00:00,HWM,853000000.00,583000000.00,0.5900,0.6000,258000000.00,66000000.00,324000000.00,830000000.00,546000000.00,1376000000.00,4972000000.00,4972000000.00
2020-12-31 00:00:00,HWM,826000000.00,488000000.00,0.5900,0.5900,261000000.00,-40000000.00,171000000.00,798000000.00,583000000.00,1381000000.00,5259000000.00,5259000000.00
2019-12-31 00:00:00,HWM,,,,,,,,,,,,
2023-10-31 00:00:00,HPQ,4335000000.00,3485000000.00,3.2600,3.2900,3263000000.00,-326000000.00,2937000000.00,4223000000.00,7285000000.00,11508000000.00,53718000000.00,53718000000.00
2022-10-31 00:00:00,HPQ,5463000000.00,4683000000.00,3.0500,3.0900,3132000000.00,1192000000.00,4324000000.00,5117000000.00,7146000000.00,12263000000.00,62910000000.00,62910000000.00
2021-10-31 00:00:00,HPQ,8607000000.00,7822000000.00,5.3300,5.3800,6541000000.00,1027000000.00,7568000000.00,5678000000.00,7729000000.00,13407000000.00,63460000000.00,63460000000.00
2020-10-31 00:00:00,HPQ,4239000000.00,3450000000.00,2.0000,2.0100,2815000000.00,396000000.00,3211000000.00,3931000000.00,6490000000.00,10421000000.00,56638000000.00,56638000000.00
2019-10-31 00:00:00,HPQ,,,,,,,,,,,,
2023-12-31 00:00:00,HUBB,1169700000.00,1020000000.00,14.0500,14.1400,759800000.00,217300000.00,983300000.00,1038500000.00,849600000.00,1888100000.00,5372900000.00,5372900000.00
2022-12-31 00:00:00,HUBB,855100000.00,706600000.00,9.4300,9.4900,545900000.00,140200000.00,657000000.00,702100000.00,769500000.00,1471600000.00,4947900000.00,4947900000.00
2021-12-31 00:00:00,HUBB,663100000.00,514000000.00,7.2800,7.3300,399500000.00,88200000.00,459300000.00,532300000.00,619200000.00,1151500000.00,4194100000.00,4194100000.00
2020-12-31 00:00:00,HUBB,629100000.00,484600000.00,6.4300,6.4600,351200000.00,89800000.00,424500000.00,494500000.00,591300000.00,1085800000.00,3682500000.00,3682500000.00
2019-12-31 00:00:00,HUBB,,,,,,,,,,,,
2023-12-31 00:00:00,HII,1295000000.00,948000000.00,17.0700,17.0700,681000000.00,172000000.00,853000000.00,744000000.00,902000000.00,1646000000.00,11454000000.00,11454000000.00
2022-12-31 00:00:00,HII,1179000000.00,821000000.00,14.4400,14.4400,579000000.00,140000000.00,719000000.00,517000000.00,923000000.00,1440000000.00,10676000000.00,10676000000.00
2021-12-31 00:00:00,HII,1004000000.00,711000000.00,13.5000,13.5000,544000000.00,78000000.00,622000000.00,472000000.00,896000000.00,1368000000.00,9524000000.00,9524000000.00
2020-12-31 00:00:00,HII,1171000000.00,924000000.00,17.1400,17.1400,696000000.00,114000000.00,810000000.00,767000000.00,903000000.00,1670000000.00,9361000000.00,9361000000.00
2019-12-31 00:00:00,HII,,,,,,,,,,,,
2023-12-31 00:00:00,IBM,14693000000.00,10297000000.00,8.1400,8.2300,7502000000.00,1176000000.00,8690000000.00,9374000000.00,24926000000.00,34300000000.00,61860000000.00,61860000000.00
2022-12-31 00:00:00,IBM,7174000000.00,2372000000.00,1.8000,1.8200,1640000000.00,-626000000.00,1156000000.00,8154000000.00,24533000000.00,32687000000.00,60530000000.00,60530000000.00
2021-12-31 00:00:00,IBM,12409000000.00,5992000000.00,6.3500,6.4100,5742000000.00,124000000.00,4837000000.00,6865000000.00,24621000000.00,31486000000.00,57351000000.00,57351000000.00
2020-12-31 00:00:00,IBM,10555000000.00,3860000000.00,6.2300,6.2800,5590000000.00,-1360000000.00,2572000000.00,4662000000.00,26203000000.00,30865000000.00,55179000000.00,55179000000.00
2019-12-31 00:00:00,IBM,,,,,,,,,,,,
2023-12-31 00:00:00,IEX,964100000.00,812000000.00,7.8500,7.8700,596100000.00,164700000.00,760300000.00,743400000.00,703500000.00,1446900000.00,3273900000.00,3273900000.00
2022-12-31 00:00:00,IEX,909800000.00,790100000.00,7.7100,7.7400,586900000.00,162700000.00,749400000.00,774200000.00,652700000.00,1426900000.00,3181900000.00,3181900000.00
2021-12-31 00:00:00,IEX,723800000.00,620800000.00,5.8800,5.9100,449400000.00,130500000.00,579800000.00,646300000.00,578200000.00,1224500000.00,2764800000.00,2764800000.00
2020-12-31 00:00:00,IEX,598600000.00,515100000.00,4.9400,4.9800,377800000.00,92500000.00,470300000.00,532500000.00,494900000.00,1027400000.00,2351600000.00,2351600000.00
2019-12-31 00:00:00,IEX,,,,,,,,,,,,
2023-12-31 00:00:00,IDXX,1217665000.00,1102757000.00,10.0600,10.1700,845042000.00,216134000.00,1061176000.00,1097128000.00,1092842000.00,2189970000.00,3660953000.00,3660953000.00
2022-12-31 00:00:00,IDXX,1011730000.00,899830000.00,8.0300,8.1200,679089000.00,180883000.00,859972000.00,898765000.00,1105573000.00,2004338000.00,3367324000.00,3367324000.00
2021-12-31 00:00:00,IDXX,1037058000.00,932462000.00,8.6000,8.7400,744845000.00,157810000.00,902654000.00,932028000.00,957404000.00,1889432000.00,3215360000.00,3215360000.00
2020-12-31 00:00:00,IDXX,791108000.00,695110000.00,6.7100,6.8200,581776000.00,79854000.00,661985000.00,694524000.00,876516000.00,1571040000.00,2706655000.00,2706655000.00
2023-12-31 00:00:00,ITW,4484000000.00,4089000000.00,9.7400,9.7700,2957000000.00,866000000.00,3823000000.00,4040000000.00,2751000000.00,6791000000.00,16107000000.00,16107000000.00
2022-12-31 00:00:00,ITW,4455000000.00,4045000000.00,9.7700,9.8000,3034000000.00,808000000.00,3842000000.00,3790000000.00,2713000000.00,6503000000.00,15932000000.00,15932000000.00
2021-12-31 00:00:00,ITW,3938000000.00,3528000000.00,8.5100,8.5500,2694000000.00,632000000.00,3326000000.00,3477000000.00,2489000000.00,5966000000.00,14455000000.00,14455000000.00
2020-12-31 00:00:00,ITW,3337000000.00,2910000000.00,6.6300,6.6600,2109000000.00,595000000.00,2704000000.00,2882000000.00,2317000000.00,5199000000.00,12574000000.00,12574000000.00
2023-12-31 00:00:00,INCY,919426000.00,836766000.00,2.6500,2.6700,597599000.00,236616000.00,834215000.00,649710000.00,2790939000.00,3440649000.00,3695649000.00,3695649000.00
2022-12-31 00:00:00,INCY,599637000.00,531782000.00,1.5200,1.5300,340660000.00,188456000.00,529116000.00,591626000.00,2596009000.00,3187635000.00,3394635000.00,3394635000.00
2021-12-31 00:00:00,INCY,630196000.00,572352000.00,4.2700,4.3000,948581000.00,-378137000.00,570444000.00,600518000.00,2234758000.00,2835276000.00,2986267000.00,2986267000.00
2020-12-31 00:00:00,INCY,-178237000.00,-230044000.00,-1.3600,-1.3600,-295697000.00,63479000.00,-232218000.00,-240241000.00,2775643000.00,2535402000.00,2666702000.00,2666702000.00
2019-12-31 00:00:00,INCY,,,,,,,,,,,,
2023-12-31 00:00:00,IR,1646900000.00,1187800000.00,1.9000,1.9200,778700000.00,240000000.00,1031100000.00,1241500000.00,1640700000.00,2882200000.00,6876100000.00,6876100000.00
2022-12-31 00:00:00,IR,1278200000.00,845400000.00,1.4700,1.4900,604700000.00,149600000.00,742200000.00,879400000.00,1446200000.00,2325600000.00,5916300000.00,5916300000.00
2021-12-31 00:00:00,IR,1022800000.00,600700000.00,1.3400,1.3600,562500000.00,-21800000.00,513000000.00,622400000.00,1366100000.00,1988500000.00,5152400000.00,5152400000.00
2020-12-31 00:00:00,IR,478200000.00,65700000.00,-0.0900,-0.0900,-33300000.00,11400000.00,-45400000.00,274400000.00,1130500000.00,1404900000.00,3973200000.00,3973200000.00
2019-12-31 00:00:00,IR,,,,,,,,,,,,
2023-12-31 00:00:00,PODD,323600000.00,250800000.00,2.9400,2.9600,206300000.00,8300000.00,214600000.00,220000000.00,939900000.00,1159900000.00,1697100000.00,1697100000.00
2022-12-31 00:00:00,PODD,109000000.00,45800000.00,0.0700,0.0700,4600000.00,5200000.00,9800000.00,37600000.00,768000000.00,805600000.00,1305300000.00,1305300000.00
2021-12-31 00:00:00,PODD,139600000.00,82200000.00,0.2400,0.2500,16800000.00,3700000.00,20500000.00,126000000.00,626100000.00,752100000.00,1098800000.00,1098800000.00
2020-12-31 00:00:00,PODD,110300000.00,54900000.00,0.1000,0.1100,6800000.00,2900000.00,9700000.00,51500000.00,530800000.00,582300000.00,904400000.00,904400000.00
2019-12-31 00:00:00,PODD,,,,,,,,,,,,
2023-12-31 00:00:00,INTC,11242000000.00,1640000000.00,0.4000,0.4000,1689000000.00,-913000000.00,762000000.00,31000000.00,21680000000.00,21711000000.00,54228000000.00,54228000000.00
2022-12-31 00:00:00,INTC,21299000000.00,8264000000.00,1.9400,1.9500,8014000000.00,-249000000.00,7768000000.00,2336000000.00,24530000000.00,26866000000.00,63054000000.00,63054000000.00
2021-12-31 00:00:00,INTC,34092000000.00,22300000000.00,4.8600,4.8900,19868000000.00,1835000000.00,21703000000.00,22082000000.00,21733000000.00,43815000000.00,79024000000.00,79024000000.00
2020-12-31 00:00:00,INTC,37946000000.00,25707000000.00,4.9400,4.9800,20899000000.00,4179000000.00,25078000000.00,23876000000.00,19736000000.00,43612000000.00,77867000000.00,77867000000.00
2019-12-31 00:00:00,INTC,,,,,,,,,,,,
2023-12-31 00:00:00,ICE,4917000000.00,3702000000.00,4.1900,4.2000,2368000000.00,456000000.00,2894000000.00,3963000000.00,1696000000.00,5659000000.00,9903000000.00,9903000000.00
2022-12-31 00:00:00,ICE,3455000000.00,2424000000.00,2.5800,2.5900,1446000000.00,310000000.00,1808000000.00,3731000000.00,1471000000.00,5202000000.00,9636000000.00,9636000000.00
2021-12-31 00:00:00,ICE,7130000000.00,6121000000.00,7.1800,7.2200,4058000000.00,1629000000.00,5698000000.00,3551000000.00,1467000000.00,5018000000.00,9168000000.00,9168000000.00
2020-12-31 00:00:00,ICE,3874000000.00,3123000000.00,3.7700,3.7900,2089000000.00,658000000.00,2766000000.00,3138000000.00,1161000000.00,4299000000.00,8244000000.00,8244000000.00
2023-12-31 00:00:00,IFF,-996000000.00,-2138000000.00,-10.0500,-10.0500,-2565000000.00,45000000.00,-2518000000.00,578000000.00,3103000000.00,3681000000.00,11479000000.00,11479000000.00
2022-12-31 00:00:00,IFF,-110000000.00,-1289000000.00,-7.2100,-7.2100,-1868000000.00,239000000.00,-1625000000.00,1053000000.00,3098000000.00,4151000000.00,12440000000.00,12440000000.00
2021-12-31 00:00:00,IFF,1799000000.00,643000000.00,1.1000,1.1100,268000000.00,75000000.00,354000000.00,625000000.00,3110000000.00,3735000000.00,11656000000.00,11656000000.00
2020-12-31 00:00:00,IFF,898000000.00,573000000.00,3.2100,3.2500,365000000.00,74000000.00,441000000.00,587000000.00,1499000000.00,2086000000.00,5084000000.00,5084000000.00
2023-12-31 00:00:00,IP,2235000000.00,803000000.00,0.8200,0.8300,288000000.00,59000000.00,382000000.00,766000000.00,4521000000.00,5287000000.00,18916000000.00,18916000000.00
2022-12-31 00:00:00,IP,2954000000.00,1914000000.00,4.1000,4.1400,1504000000.00,-236000000.00,1511000000.00,1754000000.00,4264000000.00,6018000000.00,21161000000.00,21161000000.00
2021-12-31 00:00:00,IP,2639000000.00,1429000000.00,4.4700,4.5000,1752000000.00,188000000.00,999000000.00,1466000000.00,4065000000.00,5531000000.00,19363000000.00,19363000000.00
2020-12-31 00:00:00,IP,2213000000.00,926000000.00,1.2200,1.2300,482000000.00,176000000.00,329000000.00,1359000000.00,3867000000.00,5226000000.00,17565000000.00,17565000000.00
2019-12-31 00:00:00,IP,,,,,,,,,,,,
2023-12-31 00:00:00,IPG,1897900000.00,1633600000.00,2.8500,2.8600,1098400000.00,291200000.00,1408000000.00,1482700000.00,331500000.00,1814200000.00,10889300000.00,10889300000.00
2022-12-31 00:00:00,IPG,1710800000.00,1436800000.00,2.3700,2.4000,938000000.00,318400000.00,1268900000.00,1483600000.00,361100000.00,1844700000.00,10927800000.00,10927800000.00
2021-12-31 00:00:00,IPG,1676500000.00,1392700000.00,2.3900,2.4200,952800000.00,251800000.00,1222100000.00,1446800000.00,406100000.00,1852900000.00,10240700000.00,10240700000.00
2020-12-31 00:00:00,IPG,844100000.00,553500000.00,0.8900,0.9000,351100000.00,8000000.00,361300000.00,1002200000.00,349400000.00,1351600000.00,9061000000.00,9061000000.00
2024-07-31 00:00:00,INTU,4590000000.00,3801000000.00,10.4300,10.5800,2963000000.00,587000000.00,3550000000.00,3877000000.00,8943000000.00,12820000000.00,16285000000.00,16285000000.00
2023-07-31 00:00:00,INTU,4065000000.00,3259000000.00,8.4200,8.4900,2384000000.00,605000000.00,2989000000.00,3153000000.00,8072000000.00,11225000000.00,14368000000.00,14368000000.00
2022-07-31 00:00:00,INTU,3369000000.00,2623000000.00,7.2800,7.3800,2066000000.00,476000000.00,2542000000.00,2559000000.00,7761000000.00,10320000000.00,12726000000.00,12726000000.00
2021-07-31 00:00:00,INTU,2948000000.00,2585000000.00,7.5600,7.6500,2062000000.00,494000000.00,2556000000.00,2528000000.00,5422000000.00,7950000000.00,9633000000.00,9633000000.00
2020-07-31 00:00:00,INTU,,,,,,,,,,,,
2023-12-31 00:00:00,ISRG,2188600000.00,1766800000.00,5.0300,5.1200,1798000000.00,141600000.00,1958900000.00,1766800000.00,2962700000.00,4729500000.00,7124100000.00,7124100000.00
2022-12-31 00:00:00,ISRG,1942900000.00,1577100000.00,3.6500,3.7200,1322300000.00,262400000.00,1606800000.00,1577100000.00,2618900000.00,4196000000.00,6222200000.00,6222200000.00
2021-12-31 00:00:00,ISRG,2131200000.00,1821000000.00,4.6600,4.7900,1704600000.00,162200000.00,1890300000.00,1821000000.00,2137500000.00,3958500000.00,5710100000.00,5710100000.00
2020-12-31 00:00:00,ISRG,1326000000.00,1049800000.00,2.9400,3.0200,1060600000.00,140200000.00,1207000000.00,1049800000.00,1811400000.00,2861200000.00,4358400000.00,4358400000.00
2019-12-31 00:00:00,ISRG,,,,,,,,,,,,
2023-12-31 00:00:00,IVZ,1131400000.00,-167400000.00,-0.7300,-0.7300,-96900000.00,-69700000.00,-237900000.00,-393200000.00,2398600000.00,2005400000.00,5716400000.00,5527300000.00
2022-12-31 00:00:00,IVZ,1528200000.00,1332900000.00,1.4900,1.5000,920700000.00,322200000.00,1247700000.00,1338900000.00,1098700000.00,2437600000.00,6048900000.00,5832100000.00
2021-12-31 00:00:00,IVZ,2800500000.00,2595200000.00,2.9900,3.0100,1629800000.00,531100000.00,2500500000.00,1722300000.00,1111600000.00,2833900000.00,6894500000.00,6648400000.00
2020-12-31 00:00:00,IVZ,1401900000.00,1198400000.00,1.1300,1.1400,761600000.00,261600000.00,1069100000.00,1251200000.00,1138900000.00,2390100000.00,6145600000.00,5935600000.00
2019-12-31 00:00:00,IVZ,,,,,,,,,,,,
2023-12-31 00:00:00,IQV,3256000000.00,2131000000.00,7.2900,7.3900,1358000000.00,101000000.00,1459000000.00,2061000000.00,3178000000.00,5239000000.00,14984000000.00,14984000000.00
2022-12-31 00:00:00,IQV,2909000000.00,1779000000.00,5.7200,5.8200,1091000000.00,260000000.00,1363000000.00,1827000000.00,3201000000.00,5028000000.00,14410000000.00,14410000000.00
2021-12-31 00:00:00,IQV,2767000000.00,1503000000.00,4.9500,5.0500,966000000.00,163000000.00,1128000000.00,1413000000.00,3228000000.00,4641000000.00,13874000000.00,13874000000.00
2020-12-31 00:00:00,IQV,2076000000.00,789000000.00,1.4300,1.4600,279000000.00,72000000.00,373000000.00,783000000.00,3076000000.00,3859000000.00,11359000000.00,11359000000.00
2019-12-31 00:00:00,IQV,,,,,,,,,,,,
2023-12-31 00:00:00,IRM,1618627000.00,825609000.00,0.6300,0.6300,184234000.00,39943000.00,227206000.00,1110043000.00,2012446000.00,3122489000.00,5480289000.00,5480289000.00
2022-12-31 00:00:00,IRM,1873567000.00,1127928000.00,1.9000,1.9200,556981000.00,69489000.00,631638000.00,1046282000.00,1868172000.00,2914454000.00,5103574000.00,5103574000.00
2021-12-31 00:00:00,IRM,1751287000.00,1054317000.00,1.5500,1.5600,450219000.00,176290000.00,629015000.00,901321000.00,1702981000.00,2604302000.00,4491531000.00,4491531000.00
2020-12-31 00:00:00,IRM,1468997000.00,799552000.00,1.1900,1.1900,342693000.00,29609000.00,372705000.00,788644000.00,1601284000.00,2389928000.00,4147270000.00,4147270000.00
2019-12-31 00:00:00,IRM,,,,,,,,,,,,
2023-12-31 00:00:00,JBHT,1738774000.00,1000820000.00,6.9700,7.0557,728287000.00,206600000.00,934887000.00,993196000.00,1216943000.00,2210139000.00,12829665000.00,12829665000.00
2022-12-31 00:00:00,JBHT,1977142000.00,1332622000.00,9.2100,9.3437,969351000.00,312022000.00,1281373000.00,1331553000.00,1140974000.00,2472527000.00,14813999000.00,14813999000.00
2021-12-31 00:00:00,JBHT,1603116000.00,1046023000.00,7.1400,7.2393,760806000.00,238966000.00,999772000.00,1045530000.00,824289000.00,1869819000.00,12168302000.00,12168302000.00
2020-12-31 00:00:00,JBHT,1240980000.00,713605000.00,4.7400,4.7896,506035000.00,159990000.00,666025000.00,713119000.00,736757000.00,1449876000.00,9636573000.00,9636573000.00
2023-08-31 00:00:00,JBL,2392000000.00,1468000000.00,6.0200,6.1500,818000000.00,444000000.00,1262000000.00,1594000000.00,1273000000.00,2867000000.00,34702000000.00,34702000000.00
2022-08-31 00:00:00,JBL,2302000000.00,1377000000.00,6.9000,7.0600,996000000.00,235000000.00,1231000000.00,1411000000.00,1221000000.00,2632000000.00,33478000000.00,33478000000.00
2021-08-31 00:00:00,JBL,1944000000.00,1068000000.00,4.5800,4.6900,696000000.00,246000000.00,944000000.00,1065000000.00,1294000000.00,2359000000.00,29285000000.00,29285000000.00
2020-08-31 00:00:00,JBL,1230000000.00,435000000.00,0.3500,0.3600,54000000.00,204000000.00,261000000.00,657000000.00,1274000000.00,1931000000.00,27266000000.00,27266000000.00
2024-06-30 00:00:00,JKHY,714307000.00,514403000.00,5.2300,5.2395,381816000.00,116203000.00,498019000.00,489391000.00,426675000.00,916066000.00,2215543000.00,2215543000.00
2023-06-30 00:00:00,JKHY,680373000.00,489647000.00,5.0200,5.0298,366646000.00,107928000.00,474574000.00,480688000.00,377952000.00,858640000.00,2077702000.00,2077702000.00
2022-06-30 00:00:00,JKHY,652275000.00,474651000.00,4.9400,4.9797,362916000.00,109351000.00,472267000.00,474619000.00,339651000.00,814270000.00,1942884000.00,1942884000.00
2021-06-30 00:00:00,JKHY,574617000.00,398869000.00,4.1200,4.2089,311469000.00,86256000.00,397725000.00,398719000.00,296107000.00,694826000.00,1758225000.00,1758225000.00
2020-06-30 00:00:00,JKHY,,,,,,,,,,,,
2023-09-30 00:00:00,J,1392039000.00,1084787000.00,5.3000,5.3200,665777000.00,196181000.00,916679000.00,1075237000.00,2398078000.00,3473315000.00,16352414000.00,16352414000.00
2022-09-30 00:00:00,J,1277649000.00,976593000.00,4.9800,5.0100,644039000.00,160903000.00,876347000.00,917850000.00,2409190000.00,3327040000.00,14922825000.00,14922825000.00
2021-09-30 00:00:00,J,1019116000.00,768316000.00,3.2000,3.2200,477030000.00,274781000.00,695602000.00,688089000.00,2355683000.00,3043772000.00,14092632000.00,14092632000.00
2020-09-30 00:00:00,J,685042000.00,503409000.00,3.7100,3.7400,491845000.00,55320000.00,441203000.00,535973000.00,2050695000.00,2586668000.00,13566975000.00,13566975000.00
2023-12-31 00:00:00,JNJ,23320000000.00,15834000000.00,13.7200,13.8800,35153000000.00,1736000000.00,15062000000.00,23409000000.00,35197000000.00,58606000000.00,85159000000.00,85159000000.00
2022-12-31 00:00:00,JNJ,26605000000.00,19635000000.00,6.7300,6.8622,17941000000.00,2989000000.00,19359000000.00,22213000000.00,33181000000.00,55394000000.00,79990000000.00,79990000000.00
2021-12-31 00:00:00,JNJ,26751000000.00,19361000000.00,7.8100,7.9306,20878000000.00,1377000000.00,19178000000.00,20943000000.00,34395000000.00,55338000000.00,78740000000.00,78740000000.00
2020-12-31 00:00:00,JNJ,23929000000.00,16698000000.00,5.5100,5.5893,14714000000.00,1783000000.00,16497000000.00,19733000000.00,34424000000.00,54157000000.00,82584000000.00,82584000000.00
2023-09-30 00:00:00,JCI,2865000000.00,2017000000.00,2.6900,2.7020,1849000000.00,-323000000.00,1710000000.00,2790000000.00,6181000000.00,8971000000.00,26793000000.00,26793000000.00
2022-09-30 00:00:00,JCI,2765000000.00,1935000000.00,2.1900,2.2245,1532000000.00,-13000000.00,1710000000.00,2398000000.00,5945000000.00,8343000000.00,25299000000.00,25299000000.00
2021-09-30 00:00:00,JCI,3665000000.00,2820000000.00,2.2700,2.3099,1637000000.00,868000000.00,2614000000.00,2801000000.00,5258000000.00,8059000000.00,23668000000.00,23668000000.00
2020-09-30 00:00:00,JCI,1965000000.00,1143000000.00,0.8400,0.8402,631000000.00,108000000.00,903000000.00,1746000000.00,5665000000.00,7411000000.00,22317000000.00,22317000000.00
2023-12-31 00:00:00,JNPR,623700000.00,429000000.00,0.9500,0.9700,310200000.00,29200000.00,349000000.00,568100000.00,2633800000.00,3201900000.00,5564500000.00,5564500000.00
2022-12-31 00:00:00,JNPR,812600000.00,594900000.00,1.4300,1.4600,471000000.00,60500000.00,536300000.00,539300000.00,2419000000.00,2958300000.00,5301200000.00,5301200000.00
2021-12-31 00:00:00,JNPR,598300000.00,360900000.00,0.7600,0.7800,252700000.00,57400000.00,310100000.00,430400000.00,2309700000.00,2740100000.00,4735400000.00,4735400000.00
2020-12-31 00:00:00,JNPR,554600000.00,342200000.00,0.7700,0.7800,257800000.00,7400000.00,265200000.00,421100000.00,2152600000.00,2573700000.00,4445100000.00,4445100000.00
2019-12-31 00:00:00,JNPR,,,,,,,,,,,,
2023-12-31 00:00:00,K,1762000000.00,1343000000.00,2.7600,2.7800,951000000.00,258000000.00,1040000000.00,1505000000.00,2778000000.00,4283000000.00,13122000000.00,13122000000.00
2022-12-31 00:00:00,K,1581000000.00,1103000000.00,2.7900,2.8100,960000000.00,180000000.00,902000000.00,1211000000.00,2600000000.00,3811000000.00,12653000000.00,12653000000.00
2021-12-31 00:00:00,K,2124000000.00,1657000000.00,4.3300,4.3600,1488000000.00,353000000.00,1452000000.00,1383000000.00,2435000000.00,3818000000.00,11747000000.00,11747000000.00
2020-12-31 00:00:00,K,2361000000.00,1882000000.00,3.6300,3.6500,1251000000.00,323000000.00,1601000000.00,1761000000.00,2966000000.00,4727000000.00,13770000000.00,13770000000.00
2023-12-31 00:00:00,KVUE,3175000000.00,2548000000.00,0.9000,0.9000,1664000000.00,526000000.00,2190000000.00,2529000000.00,6114000000.00,8643000000.00,15444000000.00,15444000000.00
2022-12-31 00:00:00,KVUE,3281000000.00,2637000000.00,1.0927,1.0927,2064000000.00,573000000.00,2637000000.00,2676000000.00,5609000000.00,8285000000.00,14950000000.00,14950000000.00
2021-12-31 00:00:00,KVUE,3656000000.00,2925000000.00,1.1001,1.1001,2078000000.00,847000000.00,2925000000.00,3034000000.00,5385000000.00,8419000000.00,15054000000.00,15054000000.00
2020-12-31 00:00:00,KVUE,3734000000.00,2988000000.00,-0.4653,-0.4653,-879000000.00,-137000000.00,-1016000000.00,2988000000.00,4860000000.00,7848000000.00,14467000000.00,14467000000.00
2019-12-31 00:00:00,KVUE,,,,,,,,,,,,
2023-12-31 00:00:00,KDP,3973000000.00,3253000000.00,1.5500,1.5600,2181000000.00,576000000.00,2757000000.00,3194000000.00,4886000000.00,8080000000.00,14814000000.00,14814000000.00
2022-12-31 00:00:00,KDP,3121000000.00,2412000000.00,1.0100,1.0100,1436000000.00,284000000.00,1719000000.00,2783000000.00,4540000000.00,7323000000.00,14057000000.00,14057000000.00
2021-12-31 00:00:00,KDP,4006000000.00,3298000000.00,1.5000,1.5200,2146000000.00,653000000.00,2798000000.00,2894000000.00,4083000000.00,6977000000.00,12683000000.00,12683000000.00
2020-12-31 00:00:00,KDP,3010000000.00,2357000000.00,0.9300,0.9400,1325000000.00,428000000.00,1753000000.00,2547000000.00,3939000000.00,6486000000.00,11618000000.00,11618000000.00
2019-12-31 00:00:00,KDP,,,,,,,,,,,,
2023-10-31 00:00:00,KEYS,1647000000.00,1435000000.00,5.9100,5.9500,1057000000.00,300000000.00,1357000000.00,1358000000.00,2174000000.00,3532000000.00,5464000000.00,5464000000.00
2022-10-31 00:00:00,KEYS,1587000000.00,1364000000.00,6.1800,6.2300,1124000000.00,161000000.00,1285000000.00,1334000000.00,2116000000.00,3450000000.00,5420000000.00,5420000000.00
2021-10-31 00:00:00,KEYS,1382000000.00,1089000000.00,4.7800,4.8400,894000000.00,116000000.00,1010000000.00,1080000000.00,1989000000.00,3069000000.00,4941000000.00,4941000000.00
2020-10-31 00:00:00,KEYS,1165000000.00,839000000.00,3.3100,3.3500,627000000.00,134000000.00,761000000.00,765000000.00,1768000000.00,2533000000.00,4221000000.00,4221000000.00
2019-10-31 00:00:00,KEYS,,,,,,,,,,,,
2023-12-31 00:00:00,KMB,3067000000.00,2314000000.00,5.2100,5.2200,1764000000.00,453000000.00,2021000000.00,3002000000.00,4030000000.00,7032000000.00,20431000000.00,20431000000.00
2022-12-31 00:00:00,KMB,3376000000.00,2622000000.00,5.7300,5.7300,1934000000.00,495000000.00,2340000000.00,2681000000.00,3538000000.00,6219000000.00,20175000000.00,20175000000.00
2021-12-31 00:00:00,KMB,3247000000.00,2481000000.00,5.3500,5.3800,1814000000.00,479000000.00,2225000000.00,2561000000.00,3427000000.00,5988000000.00,19440000000.00,19440000000.00
2020-12-31 00:00:00,KMB,3978000000.00,3182000000.00,6.8700,6.9000,2352000000.00,676000000.00,2930000000.00,3244000000.00,3578000000.00,6822000000.00,19140000000.00,19140000000.00
2023-12-31 00:00:00,KIM,1401380000.00,894115000.00,1.0200,1.0200,654273000.00,60952000.00,643914000.00,582610000.00,644072000.00,1226682000.00,1783400000.00,1783400000.00
2022-12-31 00:00:00,KIM,776127000.00,271127000.00,0.1600,0.1600,125976000.00,56654000.00,44304000.00,572243000.00,624534000.00,1196777000.00,1727684000.00,1727684000.00
2021-12-31 00:00:00,KIM,1344579000.00,949259000.00,1.6000,1.6100,844059000.00,3380000.00,745126000.00,447233000.00,499441000.00,946674000.00,1364585000.00,1364585000.00
2020-12-31 00:00:00,KIM,1403733000.00,1114778000.00,2.2500,2.2600,1000833000.00,978000.00,927874000.00,332752000.00,382172000.00,714924000.00,1057893000.00,1057893000.00
2019-12-31 00:00:00,KIM,,,,,,,,,,,,
2023-12-31 00:00:00,KMI,6498000000.00,4248000000.00,1.0600,1.0600,2391000000.00,715000000.00,3201000000.00,4248000000.00,3898000000.00,8146000000.00,15334000000.00,15157000000.00
2022-12-31 00:00:00,KMI,6219000000.00,4033000000.00,1.1200,1.1200,2548000000.00,710000000.00,3335000000.00,4033000000.00,3726000000.00,7759000000.00,19200000000.00,19042000000.00
2021-12-31 00:00:00,KMI,6675000000.00,4540000000.00,0.7800,0.7800,1784000000.00,369000000.00,2219000000.00,4540000000.00,3442000000.00,7982000000.00,16610000000.00,16471000000.00
2020-12-31 00:00:00,KMI,5656000000.00,3492000000.00,0.0500,0.0500,119000000.00,481000000.00,661000000.00,3492000000.00,3499000000.00,6991000000.00,11700000000.00,11509000000.00
2019-12-31 00:00:00,KMI,,,,,,,,,,,,
2023-12-31 00:00:00,KKR,9500580000.00,9500580000.00,4.0900,4.2400,3732261000.00,1197523000.00,6554609000.00,2138148000.00,2722503000.00,4860651000.00,14322870000.00,14322870000.00
2022-12-31 00:00:00,KKR,1345738000.00,1345738000.00,-0.7900,-0.7900,-521664000.00,125393000.00,-292221000.00,-345578000.00,2352381000.00,2006803000.00,5565056000.00,5565056000.00
2021-12-31 00:00:00,KKR,14978628000.00,14978628000.00,7.4200,7.9500,4732406000.00,1394882000.00,13846599000.00,4953222000.00,1942360000.00,6895582000.00,16105827000.00,16105827000.00
2020-12-31 00:00:00,KKR,6696566000.00,6696566000.00,3.3700,3.4500,2002509000.00,609097000.00,5726695000.00,1297759000.00,780642000.00,2078401000.00,4230891000.00,4230891000.00
2019-12-31 00:00:00,KKR,,,,,,,,,,,,
2024-06-30 00:00:00,KLAC,3903015000.00,3501285000.00,20.2800,20.4100,2761896000.00,428136000.00,3190032000.00,3635684000.00,2248490000.00,5884174000.00,9812247000.00,9812247000.00
2023-06-30 00:00:00,KLAC,4501243000.00,4086130000.00,24.1500,24.2800,3387277000.00,401839000.00,3789190000.00,3994696000.00,2283053000.00,6277749000.00,10496056000.00,10496056000.00
2022-06-30 00:00:00,KLAC,4012920000.00,3649576000.00,21.9200,22.0700,3321807000.00,167177000.00,3489237000.00,3654181000.00,1965261000.00,5619442000.00,9211883000.00,9211883000.00
2021-06-30 00:00:00,KLAC,2851117000.00,2517782000.00,13.3700,13.4900,2078292000.00,283101000.00,2360454000.00,2488480000.00,1658089000.00,4146569000.00,6918734000.00,6918734000.00
2020-06-30 00:00:00,KLAC,,,,,,,,,,,,
2023-12-31 00:00:00,KHC,5506000000.00,4545000000.00,2.3100,2.3300,2855000000.00,787000000.00,3633000000.00,5181000000.00,3745000000.00,8926000000.00,26640000000.00,26640000000.00
2022-12-31 00:00:00,KHC,4820000000.00,3887000000.00,1.9100,1.9300,2363000000.00,598000000.00,2966000000.00,4696000000.00,3426000000.00,8122000000.00,26485000000.00,26485000000.00
2021-12-31 00:00:00,KHC,4665000000.00,3755000000.00,0.8200,0.8300,1012000000.00,684000000.00,1708000000.00,5315000000.00,3367000000.00,8682000000.00,26042000000.00,26042000000.00
2020-12-31 00:00:00,KHC,3393000000.00,2424000000.00,0.2900,0.2900,356000000.00,669000000.00,1030000000.00,5850000000.00,3327000000.00,9177000000.00,26185000000.00,26185000000.00
2024-01-31 00:00:00,KR,7027000000.00,3277000000.00,2.9600,2.9900,2164000000.00,667000000.00,2836000000.00,3096000000.00,30268000000.00,33364000000.00,150039000000.00,150039000000.00
2023-01-31 00:00:00,KR,7016000000.00,3437000000.00,3.0600,3.1000,2244000000.00,653000000.00,2902000000.00,4126000000.00,27652000000.00,31778000000.00,148258000000.00,148258000000.00
2022-01-31 00:00:00,KR,6051000000.00,2622000000.00,2.1700,2.2000,1655000000.00,385000000.00,2051000000.00,3477000000.00,26872000000.00,30349000000.00,137888000000.00,137888000000.00
2021-01-31 00:00:00,KR,7287000000.00,3914000000.00,3.2700,3.3100,2585000000.00,782000000.00,3370000000.00,2780000000.00,28121000000.00,30901000000.00,132498000000.00,132498000000.00
2020-01-31 00:00:00,KR,,,,,,,,,,,,
2023-12-31 00:00:00,LHX,2930000000.00,1764000000.00,6.4400,6.4700,1227000000.00,23000000.00,1221000000.00,2025000000.00,3088000000.00,5113000000.00,19419000000.00,19419000000.00
2022-12-31 00:00:00,LHX,2490000000.00,1552000000.00,5.4900,5.5400,1062000000.00,212000000.00,1273000000.00,2083000000.00,2844000000.00,4927000000.00,17062000000.00,17062000000.00
2021-12-31 00:00:00,LHX,3515000000.00,2548000000.00,9.0900,9.1700,1846000000.00,440000000.00,2283000000.00,2096000000.00,3280000000.00,5376000000.00,17814000000.00,17814000000.00
2020-12-31 00:00:00,LHX,2608000000.00,1576000000.00,5.1900,5.2300,1119000000.00,234000000.00,1322000000.00,1993000000.00,3315000000.00,5308000000.00,18194000000.00,18194000000.00
2023-12-31 00:00:00,LH,1345800000.00,768500000.00,4.7700,4.8000,418000000.00,188500000.00,568900000.00,1123700000.00,2241200000.00,3364900000.00,12161600000.00,12189300000.00
2022-12-31 00:00:00,LH,1954400000.00,1417200000.00,13.9700,14.0500,1279100000.00,233900000.00,1237400000.00,1752200000.00,1956700000.00,3708900000.00,11863900000.00,11900800000.00
2021-12-31 00:00:00,LH,3676400000.00,3099400000.00,24.3900,24.6000,2377300000.00,690000000.00,2887600000.00,3072600000.00,1919800000.00,4992400000.00,13136100000.00,13224300000.00
2020-12-31 00:00:00,LH,3051200000.00,2426500000.00,15.8800,15.9900,1556100000.00,662100000.00,2219100000.00,2948100000.00,2004700000.00,4952800000.00,13978500000.00,13978500000.00
2024-06-30 00:00:00,LRCX,4905157000.00,4545458000.00,,,3827772000.00,532450000.00,4360222000.00,4282100000.00,2770691000.00,7052791000.00,14905386000.00,14905386000.00
2023-06-30 00:00:00,LRCX,5638104000.00,5295672000.00,33.2100,33.3000,4510931000.00,598279000.00,5109210000.00,5217010000.00,2559915000.00,7776925000.00,17428516000.00,17428516000.00
2022-06-30 00:00:00,LRCX,5711612000.00,5377873000.00,32.7500,32.9200,4605286000.00,587828000.00,5193114000.00,5381822000.00,2489985000.00,7871807000.00,17227039000.00,17227039000.00
2021-06-30 00:00:00,LRCX,4886552000.00,4579401000.00,26.9000,27.2200,3908458000.00,462346000.00,4370804000.00,4482023000.00,2323283000.00,6805306000.00,14626150000.00,14626150000.00
2020-06-30 00:00:00,LRCX,,,15.1000,15.5500,,,,,,,,
2024-05-31 00:00:00,LW,1372100000.00,1065300000.00,4.9800,5.0100,725500000.00,230000000.00,929500000.00,1065300000.00,701400000.00,1766700000.00,6467600000.00,6467600000.00
2023-05-31 00:00:00,LW,1104900000.00,882100000.00,6.9500,6.9800,1008900000.00,224600000.00,772900000.00,882100000.00,550000000.00,1432100000.00,5350600000.00,5350600000.00
2022-05-31 00:00:00,LW,636500000.00,444400000.00,1.3800,1.3800,200900000.00,71800000.00,283400000.00,444400000.00,387600000.00,832000000.00,4098900000.00,4098900000.00
2021-05-31 00:00:00,LW,662600000.00,474800000.00,2.1600,2.1700,317800000.00,90500000.00,356500000.00,474800000.00,357200000.00,832000000.00,3670900000.00,3670900000.00
2020-05-31 00:00:00,LW,,,,,,,,,,,,
2023-12-31 00:00:00,LVS,3859000000.00,2593000000.00,1.6000,1.6000,1221000000.00,344000000.00,1775000000.00,2355000000.00,2812000000.00,5167000000.00,10372000000.00,10372000000.00
2022-12-31 00:00:00,LVS,406000000.00,-685000000.00,2.4000,2.4000,1832000000.00,154000000.00,-1387000000.00,-770000000.00,2420000000.00,1650000000.00,4110000000.00,4110000000.00
2021-12-31 00:00:00,LVS,244000000.00,-853000000.00,-1.2600,-1.2600,-961000000.00,-5000000.00,-1474000000.00,-643000000.00,2251000000.00,1608000000.00,4234000000.00,4234000000.00
2020-12-31 00:00:00,LVS,-301000000.00,-1353000000.00,-2.2100,-2.2100,-1685000000.00,24000000.00,-1876000000.00,-1301000000.00,2122000000.00,821000000.00,2940000000.00,2940000000.00
2019-12-31 00:00:00,LVS,,,,,,,,,,,,
2023-12-31 00:00:00,LDOS,946000000.00,615000000.00,1.4400,1.4500,199000000.00,195000000.00,403000000.00,1302000000.00,942000000.00,2244000000.00,15438000000.00,15438000000.00
2022-12-31 00:00:00,LDOS,1418000000.00,1085000000.00,4.9600,5.0000,685000000.00,193000000.00,886000000.00,1133000000.00,951000000.00,2084000000.00,14396000000.00,14396000000.00
2021-12-31 00:00:00,LDOS,1476000000.00,1151000000.00,5.2700,5.3400,753000000.00,208000000.00,967000000.00,1163000000.00,851000000.00,2014000000.00,13737000000.00,13737000000.00
2020-12-31 00:00:00,LDOS,1245000000.00,963000000.00,4.3600,4.4200,628000000.00,152000000.00,781000000.00,967000000.00,770000000.00,1737000000.00,12297000000.00,12297000000.00
2019-12-31 00:00:00,LDOS,,,,,,,,,,,,
2023-11-30 00:00:00,LEN,5549810000.00,5439646000.00,13.7300,13.7300,3938511000.00,1241013000.00,5202304000.00,5439646000.00,501338000.00,5940984000.00,34233366000.00,34233366000.00
2022-11-30 00:00:00,LEN,6874721000.00,6787646000.00,15.7200,15.7400,4614125000.00,1366065000.00,6014566000.00,6787646000.00,414498000.00,7202144000.00,33671010000.00,33671010000.00
2021-11-30 00:00:00,LEN,5224212000.00,5138258000.00,14.2700,14.2800,4430111000.00,1362509000.00,5819058000.00,5138258000.00,398381000.00,5536639000.00,27130676000.00,27130676000.00
2020-11-30 00:00:00,LEN,3235215000.00,3140662000.00,7.8500,7.8800,2465036000.00,656235000.00,3123788000.00,3140662000.00,333446000.00,3474108000.00,22488854000.00,22488854000.00
2019-11-30 00:00:00,LEN,,,,,,,,,,,,
2023-12-31 00:00:00,LLY,8567800000.00,7040500000.00,5.8000,5.8267,5240400000.00,1314200000.00,6554600000.00,10787300000.00,16254600000.00,27041900000.00,34124100000.00,34124100000.00
2022-12-31 00:00:00,LLY,8660500000.00,7138000000.00,6.5722,6.5722,6244800000.00,561600000.00,6806400000.00,8653300000.00,13258300000.00,21911600000.00,28541400000.00,28541400000.00
2021-12-31 00:00:00,LLY,8042900000.00,6495300000.00,5.8530,5.8530,5581700000.00,573800000.00,6155500000.00,7933000000.00,13072600000.00,21005600000.00,28318400000.00,28318400000.00
2020-12-31 00:00:00,LLY,8913400000.00,7589500000.00,6.4748,6.4748,6193700000.00,1036200000.00,7229900000.00,7101400000.00,11955100000.00,19056500000.00,24539800000.00,24539800000.00
2019-12-31 00:00:00,LLY,,,,,,,,,,,,
2023-12-31 00:00:00,LIN,12217000000.00,8401000000.00,12.5900,12.7000,6199000000.00,1814000000.00,7988000000.00,8269000000.00,7093000000.00,15362000000.00,32854000000.00,32854000000.00
2022-12-31 00:00:00,LIN,9962000000.00,5758000000.00,8.2300,8.3000,4147000000.00,1434000000.00,5543000000.00,6697000000.00,7217000000.00,13914000000.00,33364000000.00,33364000000.00
2021-12-31 00:00:00,LIN,9904000000.00,5269000000.00,7.3300,7.4000,3826000000.00,1262000000.00,5099000000.00,5475000000.00,7775000000.00,13250000000.00,30793000000.00,30793000000.00
2020-12-31 00:00:00,LIN,8265000000.00,3639000000.00,4.7100,4.7500,2501000000.00,847000000.00,3384000000.00,3889000000.00,7971000000.00,11860000000.00,27243000000.00,27243000000.00
2019-12-31 00:00:00,LIN,,,,,,,,,,,,
2023-12-31 00:00:00,LYV,1761585000.00,1244788000.00,1.3700,1.3800,563280000.00,160227000.00,894544000.00,1052576000.00,4404481000.00,5457057000.00,22749073000.00,22749073000.00
2022-12-31 00:00:00,LYV,1233906000.00,783930000.00,0.6400,0.6600,295986000.00,96254000.00,505447000.00,701036000.00,3642694000.00,4343730000.00,16681254000.00,16681254000.00
2021-12-31 00:00:00,LYV,87450000.00,-328827000.00,-3.0900,-3.0900,-650904000.00,-2481000.00,-611267000.00,-410069000.00,2322527000.00,1912458000.00,6268447000.00,6268447000.00
2020-12-31 00:00:00,LYV,-1144808000.00,-1629833000.00,-8.1200,-8.1200,-1724535000.00,-28875000.00,-1856665000.00,-1652689000.00,2111467000.00,458778000.00,1861178000.00,1861178000.00
2023-12-31 00:00:00,LKQ,1768000000.00,1449000000.00,3.5000,3.5100,936000000.00,306000000.00,1235000000.00,1422000000.00,4153000000.00,5575000000.00,13866000000.00,13174000000.00
2022-12-31 00:00:00,LKQ,1860000000.00,1596000000.00,4.1400,4.1500,1149000000.00,385000000.00,1518000000.00,1442000000.00,3781000000.00,5223000000.00,12794000000.00,11933000000.00
2021-12-31 00:00:00,LKQ,1755000000.00,1471000000.00,3.6600,3.6800,1091000000.00,331000000.00,1399000000.00,1494000000.00,3828000000.00,5322000000.00,13089000000.00,13089000000.00
2020-12-31 00:00:00,LKQ,1312185000.00,1013185000.00,2.1000,2.1000,638423000.00,249498000.00,884995000.00,1054914000.00,3538357000.00,4593271000.00,11628830000.00,10963713000.00
2019-12-31 00:00:00,LKQ,,,,,,,,,,,,
2020-12-31 00:00:00,LYB,3297000000.00,1912000000.00,4.2400,4.2400,1420000000.00,-43000000.00,1386000000.00,2141000000.00,1253000000.00,3394000000.00,27753000000.00,27753000000.00
2019-12-31 00:00:00,LYB,,,,,,,,,,,,
2023-12-31 00:00:00,MRO,4465000000.00,2254000000.00,2.5600,2.5600,1554000000.00,357000000.00,1911000000.00,2006000000.00,673000000.00,2679000000.00,6407000000.00,6407000000.00
2022-12-31 00:00:00,MRO,5759000000.00,4006000000.00,5.2600,5.7062,3612000000.00,167000000.00,3779000000.00,3497000000.00,867000000.00,4364000000.00,7540000000.00,7540000000.00
2021-12-31 00:00:00,MRO,3327000000.00,1261000000.00,1.2000,1.2732,946000000.00,58000000.00,1004000000.00,1517000000.00,757000000.00,2274000000.00,5601000000.00,5601000000.00
2020-12-31 00:00:00,MRO,1130000000.00,-1186000000.00,-1.8390,-1.8390,-1451000000.00,-14000000.00,-1465000000.00,-1000000000.00,630000000.00,-370000000.00,3097000000.00,3097000000.00
2019-12-31 00:00:00,MRO,,,,,,,,,,,,
2023-12-31 00:00:00,MPC,18561000000.00,15254000000.00,23.6300,23.7300,9681000000.00,2817000000.00,13989000000.00,12675000000.00,3831000000.00,16506000000.00,148379000000.00,148379000000.00
2022-12-31 00:00:00,MPC,24879000000.00,21664000000.00,28.1200,28.3100,14516000000.00,4491000000.00,20469000000.00,18970000000.00,3597000000.00,22567000000.00,177453000000.00,177453000000.00
2021-12-31 00:00:00,MPC,7448000000.00,4084000000.00,15.2400,15.3400,9738000000.00,264000000.00,2817000000.00,3353000000.00,3258000000.00,6611000000.00,119983000000.00,119983000000.00
2020-12-31 00:00:00,MPC,-8904000000.00,-12279000000.00,-15.2800,-15.2800,-9826000000.00,-2430000000.00,-13612000000.00,-2707000000.00,3378000000.00,671000000.00,69779000000.00,69779000000.00
2019-12-31 00:00:00,MPC,,,,,,,,,,,,
2023-12-31 00:00:00,MKTX,411093000.00,334683000.00,6.8500,6.8700,258055000.00,74645000.00,332700000.00,315019000.00,230602000.00,545621000.00,752547000.00,752547000.00
2022-12-31 00:00:00,MKTX,406142000.00,338988000.00,6.6500,6.6800,250224000.00,88064000.00,338288000.00,326876000.00,209320000.00,536196000.00,718300000.00,718300000.00
2021-12-31 00:00:00,MKTX,395011000.00,334765000.00,6.7700,6.8800,257888000.00,76035000.00,333923000.00,337235000.00,190800000.00,528035000.00,698951000.00,698951000.00
2020-12-31 00:00:00,MKTX,418339000.00,375501000.00,7.8500,8.0100,299377000.00,74982000.00,374359000.00,374728000.00,157512000.00,532240000.00,689125000.00,688246000.00
2019-12-31 00:00:00,MKTX,,,,,,,,,,,,
2023-12-31 00:00:00,MAR,4220000000.00,3943000000.00,10.1800,10.2300,3083000000.00,295000000.00,3378000000.00,3924000000.00,1200000000.00,5124000000.00,23713000000.00,6388000000.00
2022-12-31 00:00:00,MAR,3799000000.00,3517000000.00,7.2400,7.2700,2358000000.00,756000000.00,3114000000.00,3474000000.00,1084000000.00,4558000000.00,20773000000.00,5445000000.00
2021-12-31 00:00:00,MAR,1895000000.00,1600000000.00,3.3400,3.3600,1099000000.00,81000000.00,1180000000.00,1758000000.00,1043000000.00,2801000000.00,13857000000.00,3490000000.00
2020-12-31 00:00:00,MAR,457000000.00,-21000000.00,-0.8200,-0.8200,-267000000.00,-199000000.00,-466000000.00,351000000.00,1108000000.00,1459000000.00,10571000000.00,2119000000.00
2019-12-31 00:00:00,MAR,,,,,,,,,,,,
2023-12-31 00:00:00,MMC,6317000000.00,5604000000.00,7.5300,7.6000,3756000000.00,1224000000.00,5026000000.00,5282000000.00,4355000000.00,9637000000.00,22736000000.00,22736000000.00
2022-12-31 00:00:00,MMC,5270000000.00,4551000000.00,6.0400,6.1100,3050000000.00,995000000.00,4082000000.00,4280000000.00,4369000000.00,8649000000.00,20720000000.00,20720000000.00
2021-12-31 00:00:00,MMC,5399000000.00,4652000000.00,6.1300,6.2000,3143000000.00,1034000000.00,4208000000.00,4312000000.00,4083000000.00,8395000000.00,19820000000.00,19820000000.00
2020-12-31 00:00:00,MMC,4049000000.00,3308000000.00,3.9400,3.9800,2016000000.00,747000000.00,2793000000.00,3066000000.00,4029000000.00,7095000000.00,17224000000.00,17224000000.00
2019-12-31 00:00:00,MMC,,,,,,,,,,,,
2023-12-31 00:00:00,MLM,2171300000.00,1658100000.00,18.8200,18.8800,1168900000.00,292500000.00,1492800000.00,1608200000.00,414400000.00,2022600000.00,6777200000.00,6777200000.00
2022-12-31 00:00:00,MLM,1766100000.00,1260100000.00,13.8700,13.9100,866800000.00,234800000.00,1091100000.00,1215800000.00,207500000.00,1423300000.00,6160700000.00,6160700000.00
2021-12-31 00:00:00,MLM,1449900000.00,998200000.00,11.2200,11.2600,702500000.00,153200000.00,855500000.00,1031700000.00,316700000.00,1348400000.00,5414000000.00,5414000000.00
2020-12-31 00:00:00,MLM,1400900000.00,1007400000.00,11.5400,11.5600,721000000.00,168200000.00,889300000.00,1006700000.00,246100000.00,1252800000.00,4729900000.00,4729900000.00
2023-12-31 00:00:00,MAS,1493000000.00,1344000000.00,4.0200,4.0300,908000000.00,278000000.00,1238000000.00,1355000000.00,1481000000.00,2836000000.00,7967000000.00,7967000000.00
2022-12-31 00:00:00,MAS,1446000000.00,1301000000.00,3.6300,3.7461,844000000.00,288000000.00,1193000000.00,1313000000.00,1400000000.00,2713000000.00,8680000000.00,8680000000.00
2021-12-31 00:00:00,MAS,1117000000.00,966000000.00,1.6200,1.6998,410000000.00,210000000.00,688000000.00,1020000000.00,1843000000.00,2863000000.00,8375000000.00,8375000000.00
2020-12-31 00:00:00,MAS,1408000000.00,1275000000.00,4.5900,4.7405,1224000000.00,269000000.00,1131000000.00,1260000000.00,1327000000.00,2587000000.00,7188000000.00,7188000000.00
2019-12-31 00:00:00,MAS,,,,,,,,,,,,
2023-12-31 00:00:00,MA,15013000000.00,14214000000.00,11.8300,11.8600,11195000000.00,2444000000.00,13639000000.00,14630000000.00,4446000000.00,19076000000.00,25098000000.00,25098000000.00
2022-12-31 00:00:00,MA,12953000000.00,12203000000.00,10.2200,10.2600,9930000000.00,1802000000.00,11732000000.00,12722000000.00,4252000000.00,16974000000.00,22237000000.00,22237000000.00
2021-12-31 00:00:00,MA,11464000000.00,10738000000.00,8.7600,8.7900,8687000000.00,1620000000.00,10307000000.00,10227000000.00,4168000000.00,14395000000.00,18884000000.00,18884000000.00
2020-12-31 00:00:00,MA,8720000000.00,8140000000.00,6.3700,6.4000,6411000000.00,1349000000.00,7760000000.00,8163000000.00,3351000000.00,11514000000.00,15301000000.00,18899000000.00
2019-12-31 00:00:00,MA,,,,,,,,,,,,
2023-12-31 00:00:00,MTCH,998475000.00,936668000.00,2.2600,2.3600,651539000.00,125309000.00,776781000.00,964627000.00,1445863000.00,2410490000.00,3364504000.00,3364504000.00
2022-12-31 00:00:00,MTCH,566632000.00,523038000.00,1.2400,1.2800,361946000.00,15361000.00,377491000.00,881262000.00,1347618000.00,2228880000.00,3188843000.00,3188843000.00
2021-12-31 00:00:00,MTCH,428043000.00,386641000.00,0.9300,1.0100,277723000.00,-19897000.00,256148000.00,880238000.00,1263731000.00,2143969000.00,2983277000.00,2983277000.00
2020-12-31 00:00:00,MTCH,802847000.00,761576000.00,0.6600,0.7300,162329000.00,43273000.00,630952000.00,753240000.00,1002196000.00,1755436000.00,2391269000.00,2391269000.00
2019-12-31 00:00:00,MTCH,,,,,,,,,,,,
2023-11-30 00:00:00,MKC,1206200000.00,1006900000.00,2.5200,2.5400,680600000.00,174500000.00,798700000.00,1024200000.00,1478300000.00,2502500000.00,6662200000.00,6662200000.00
2022-11-30 00:00:00,MKC,1162500000.00,961900000.00,2.5200,2.5400,682000000.00,168600000.00,812800000.00,917400000.00,1357100000.00,2274500000.00,6350500000.00,6350500000.00
2021-11-30 00:00:00,MKC,1218700000.00,1032400000.00,2.8000,2.8300,755300000.00,192700000.00,895800000.00,1090500000.00,1404100000.00,2494600000.00,6317900000.00,6317900000.00
2020-11-30 00:00:00,MKC,1182100000.00,1017100000.00,2.7800,2.8000,747400000.00,174900000.00,881500000.00,1018800000.00,1281600000.00,2300400000.00,5601300000.00,5601300000.00
2019-11-30 00:00:00,MKC,,,,,,,,,,,,
2023-12-31 00:00:00,MCD,13861200000.00,11883000000.00,11.5600,11.6300,8468800000.00,2053400000.00,10522200000.00,11745600000.00,2816900000.00,14562500000.00,25493700000.00,25178100000.00
2022-12-31 00:00:00,MCD,10903000000.00,9032400000.00,8.3300,8.4471,6177400000.00,1648000000.00,7825400000.00,10344600000.00,2862600000.00,13207200000.00,23182600000.00,22854200000.00
2021-12-31 00:00:00,MCD,12181800000.00,10313700000.00,10.0400,10.1305,7545200000.00,1582700000.00,9127900000.00,9872700000.00,2707500000.00,12580200000.00,23222900000.00,22872800000.00
2020-12-31 00:00:00,MCD,9110200000.00,7358800000.00,6.3100,6.3463,4730500000.00,1410200000.00,6140700000.00,7206500000.00,2545600000.00,9752100000.00,19207800000.00,18865300000.00
2019-12-31 00:00:00,MCD,,,,,,,,,,,,
2024-03-31 00:00:00,MCK,4676000000.00,4041000000.00,22.3900,22.5400,3002000000.00,629000000.00,3789000000.00,4171000000.00,8657000000.00,12828000000.00,308951000000.00,308951000000.00
2023-03-31 00:00:00,MCK,5486000000.00,4878000000.00,25.0300,25.2300,3560000000.00,905000000.00,4630000000.00,4582000000.00,7776000000.00,12358000000.00,276711000000.00,276711000000.00
2022-03-31 00:00:00,MCK,2866000000.00,2106000000.00,7.2300,7.3200,1114000000.00,636000000.00,1928000000.00,2593000000.00,10537000000.00,13130000000.00,263966000000.00,263966000000.00
2021-03-31 00:00:00,MCK,-3930000000.00,-4817000000.00,-28.2600,-28.2600,-4539000000.00,-695000000.00,-5034000000.00,3299000000.00,8849000000.00,12148000000.00,238228000000.00,238228000000.00
2020-03-31 00:00:00,MCK,,,,,,,,,,,,
2024-04-30 00:00:00,MDT,8203000000.00,5556000000.00,2.7600,2.7700,3676000000.00,1133000000.00,4837000000.00,5520000000.00,15628000000.00,21148000000.00,32364000000.00,32364000000.00
2023-04-30 00:00:00,MDT,8697000000.00,6000000000.00,2.8200,2.8300,3758000000.00,1580000000.00,5364000000.00,5830000000.00,14678000000.00,20508000000.00,31227000000.00,31227000000.00
2022-04-30 00:00:00,MDT,8777000000.00,6070000000.00,3.7300,3.7500,5039000000.00,456000000.00,5517000000.00,5908000000.00,15633000000.00,21541000000.00,31686000000.00,31686000000.00
2021-04-30 00:00:00,MDT,7522000000.00,4820000000.00,2.6600,2.6800,3606000000.00,265000000.00,3895000000.00,4895000000.00,14739000000.00,19634000000.00,30117000000.00,30117000000.00
2020-04-30 00:00:00,MDT,,,,,,,,,,,,
2023-12-31 00:00:00,MRK,6907000000.00,3035000000.00,0.1400,0.1400,365000000.00,1512000000.00,1889000000.00,2954000000.00,41035000000.00,43989000000.00,60115000000.00,60115000000.00
2022-12-31 00:00:00,MRK,21315000000.00,17406000000.00,5.7100,5.7300,14519000000.00,1918000000.00,16444000000.00,18282000000.00,23590000000.00,41872000000.00,59283000000.00,59283000000.00
2021-12-31 00:00:00,MRK,17899000000.00,14685000000.00,5.1400,5.1600,13049000000.00,1521000000.00,13879000000.00,13199000000.00,21879000000.00,35078000000.00,48704000000.00,48704000000.00
2020-12-31 00:00:00,MRK,10180000000.00,6694000000.00,2.7800,2.7930,7067000000.00,1340000000.00,5863000000.00,5548000000.00,22352000000.00,27900000000.00,41518000000.00,41518000000.00
2023-12-31 00:00:00,META,59052000000.00,47874000000.00,14.8700,15.1900,39098000000.00,8330000000.00,47428000000.00,46751000000.00,62192000000.00,108943000000.00,134902000000.00,133844000000.00
2022-12-31 00:00:00,META,37690000000.00,29004000000.00,8.5900,8.6300,23200000000.00,5619000000.00,28819000000.00,28944000000.00,62416000000.00,91360000000.00,116609000000.00,115801000000.00
2021-12-31 00:00:00,META,55274000000.00,47307000000.00,13.7700,13.9900,39370000000.00,7914000000.00,47284000000.00,46753000000.00,48527000000.00,95280000000.00,117929000000.00,117208000000.00
2020-12-31 00:00:00,META,39533000000.00,32671000000.00,10.0900,10.2200,29146000000.00,4034000000.00,33180000000.00,32671000000.00,36602000000.00,69273000000.00,85965000000.00,85308000000.00
2019-12-31 00:00:00,META,,,,,,,,,,,,
2023-12-31 00:00:00,MTD,1172258000.00,1051094000.00,35.9000,36.1000,788778000.00,184950000.00,973728000.00,1079683000.00,1161603000.00,2241286000.00,3788309000.00,3788309000.00
2022-12-31 00:00:00,MTD,1239007000.00,1125984000.00,38.4100,38.7900,872502000.00,198090000.00,1070592000.00,1126220000.00,1181822000.00,2308042000.00,3919709000.00,3919709000.00
2021-12-31 00:00:00,MTD,1100660000.00,992603000.00,32.7800,33.2500,768985000.00,180376000.00,949361000.00,994736000.00,1176817000.00,2171553000.00,3717930000.00,3717930000.00
2020-12-31 00:00:00,MTD,886068000.00,787359000.00,24.9100,25.2400,602739000.00,146004000.00,748743000.00,784043000.00,1016988000.00,1801031000.00,3085177000.00,3085177000.00
2023-12-31 00:00:00,MGM,2747184000.00,1933056000.00,3.1900,3.2200,1142180000.00,157839000.00,1472763000.00,1583503000.00,6027184000.00,7610687000.00,16164249000.00,16164249000.00
2022-12-31 00:00:00,MGM,4980803000.00,1498753000.00,3.4900,3.5200,1473093000.00,697068000.00,903799000.00,-1713283000.00,8187785000.00,6474502000.00,13127485000.00,13127485000.00
2021-12-31 00:00:00,MGM,3412007000.00,2261397000.00,2.4100,2.4400,1254370000.00,253415000.00,1461804000.00,568905000.00,4080626000.00,4649531000.00,9680140000.00,9680140000.00
2020-12-31 00:00:00,MGM,375457000.00,-835099000.00,-2.0200,-2.0200,-1032724000.00,-191572000.00,-1511479000.00,-2083666000.00,3793037000.00,1709371000.00,5162082000.00,5162082000.00
2019-12-31 00:00:00,MGM,,,,,,,,,,,,
2024-03-31 00:00:00,MCHP,3436400000.00,2556900000.00,3.4800,3.5200,1906900000.00,459000000.00,2365900000.00,2558700000.00,2437000000.00,4995700000.00,7634400000.00,7634400000.00
2023-03-31 00:00:00,MCHP,4102500000.00,3104100000.00,4.0200,4.0700,2237700000.00,672000000.00,2909700000.00,3112000000.00,2585900000.00,5697900000.00,8438700000.00,8438700000.00
2022-03-31 00:00:00,MCHP,2871500000.00,1728000000.00,2.2700,2.3300,1285500000.00,197000000.00,1482500000.00,1879100000.00,2570500000.00,4449600000.00,6820900000.00,6820900000.00
2021-03-31 00:00:00,MCHP,1832600000.00,679300000.00,0.6450,0.6750,349400000.00,-9900000.00,339500000.00,999800000.00,2379000000.00,3378800000.00,5438400000.00,5438400000.00
2020-03-31 00:00:00,MCHP,,,,,,,,,,,,
2024-08-31 00:00:00,MU,9582000000.00,1802000000.00,0.7000,0.7000,778000000.00,451000000.00,1240000000.00,1246000000.00,4367000000.00,5613000000.00,25111000000.00,25111000000.00
2023-08-31 00:00:00,MU,2486000000.00,-5270000000.00,-5.3400,-5.3400,-5833000000.00,177000000.00,-5658000000.00,-5459000000.00,4043000000.00,-1416000000.00,15540000000.00,15540000000.00
2022-08-31 00:00:00,MU,16876000000.00,9760000000.00,7.7500,7.8100,8687000000.00,888000000.00,9571000000.00,9709000000.00,4189000000.00,13898000000.00,30758000000.00,30758000000.00
2021-08-31 00:00:00,MU,12615000000.00,6401000000.00,5.1400,5.2300,5861000000.00,394000000.00,6218000000.00,6747000000.00,3676000000.00,10423000000.00,27705000000.00,27705000000.00
2020-08-31 00:00:00,MU,,,,,,,,,,,,
2024-06-30 00:00:00,MSFT,133009000000.00,110722000000.00,11.8000,11.8600,88136000000.00,19651000000.00,107787000000.00,109433000000.00,61575000000.00,171008000000.00,245122000000.00,245122000000.00
2023-06-30 00:00:00,MSFT,105140000000.00,91279000000.00,9.6800,9.7200,72361000000.00,16950000000.00,89311000000.00,88523000000.00,57529000000.00,146052000000.00,211915000000.00,211915000000.00
2022-06-30 00:00:00,MSFT,100239000000.00,85779000000.00,9.6500,9.7000,72738000000.00,10978000000.00,83716000000.00,83383000000.00,52237000000.00,135620000000.00,198270000000.00,198270000000.00
2021-06-30 00:00:00,MSFT,85134000000.00,73448000000.00,8.0500,8.1200,61271000000.00,9831000000.00,71102000000.00,69916000000.00,45940000000.00,115856000000.00,168088000000.00,168088000000.00
2023-12-31 00:00:00,MAA,1285936000.00,720079000.00,4.7100,4.7100,552806000.00,4744000.00,570845000.00,688902000.00,58578000.00,747480000.00,2148468000.00,2148468000.00
2022-12-31 00:00:00,MAA,1345740000.00,801736000.00,5.4800,5.4900,637436000.00,-6208000.00,646989000.00,628878000.00,58833000.00,687711000.00,2019866000.00,2019866000.00
2021-12-31 00:00:00,MAA,1254424000.00,720009000.00,4.6100,4.6200,533791000.00,13637000.00,563128000.00,464868000.00,52884000.00,517752000.00,1778082000.00,1778082000.00
2020-12-31 00:00:00,MAA,945081000.00,433403000.00,2.1900,2.2000,254962000.00,3327000.00,265841000.00,427513000.00,46858000.00,474371000.00,1677984000.00,1677984000.00
2019-12-31 00:00:00,MAA,,,,,,,,,,,,
2023-12-31 00:00:00,MRNA,-3283000000.00,-3904000000.00,-12.3300,-12.3300,-4714000000.00,772000000.00,-3942000000.00,-4239000000.00,6300000000.00,2061000000.00,6754000000.00,6671000000.00
2022-12-31 00:00:00,MRNA,9952000000.00,9604000000.00,20.1200,21.2600,8362000000.00,1213000000.00,9575000000.00,9420000000.00,4039000000.00,13459000000.00,18875000000.00,18435000000.00
2021-12-31 00:00:00,MRNA,13528000000.00,13296000000.00,28.2900,30.3100,12202000000.00,1083000000.00,13285000000.00,13296000000.00,1823000000.00,15119000000.00,17736000000.00,17675000000.00
2020-12-31 00:00:00,MRNA,-732000000.00,-763000000.00,-1.9600,-1.9600,-747000000.00,3000000.00,-744000000.00,-763000000.00,1029000000.00,266000000.00,274000000.00,274000000.00
2019-12-31 00:00:00,MRNA,,,,,,,,,,,,
2023-12-31 00:00:00,MHK,353332000.00,-276995000.00,-6.9000,-6.9000,-439516000.00,84862000.00,-354509000.00,589936000.00,2119716000.00,2709652000.00,11135115000.00,11135115000.00
2022-12-31 00:00:00,MHK,831295000.00,235831000.00,0.3900,0.4000,25247000.00,158110000.00,183893000.00,939988000.00,2003438000.00,2943426000.00,11737065000.00,11737065000.00
2021-12-31 00:00:00,MHK,1938956000.00,1347245000.00,14.9400,15.0100,1033159000.00,256445000.00,1289993000.00,1335011000.00,1933723000.00,3268734000.00,11200613000.00,11200613000.00
2020-12-31 00:00:00,MHK,1244260000.00,636753000.00,7.2200,7.2400,515595000.00,68647000.00,584374000.00,636002000.00,1794688000.00,2430690000.00,9552197000.00,9552197000.00
2019-12-31 00:00:00,MHK,,,,,,,,,,,,
2023-12-31 00:00:00,MOH,1744000000.00,1573000000.00,18.7136,18.7136,1091000000.00,373000000.00,1464000000.00,1573000000.00,2761000000.00,4334000000.00,34072000000.00,32529000000.00
2022-12-31 00:00:00,MOH,1349000000.00,1173000000.00,13.5500,13.6552,792000000.00,271000000.00,1063000000.00,1381000000.00,2545000000.00,3926000000.00,31974000000.00,30883000000.00
2021-12-31 00:00:00,MOH,1126000000.00,995000000.00,11.2500,11.3621,659000000.00,216000000.00,875000000.00,1020000000.00,2260000000.00,3280000000.00,27771000000.00,26855000000.00
2020-12-31 00:00:00,MOH,1151000000.00,1063000000.00,11.2300,11.3491,673000000.00,288000000.00,961000000.00,1078000000.00,1599000000.00,2677000000.00,19423000000.00,18299000000.00
2019-12-31 00:00:00,MOH,,,,,,,,,,,,
2023-12-31 00:00:00,TAP,2169300000.00,1486500000.00,4.3700,4.3900,948900000.00,296100000.00,1252500000.00,1599100000.00,2769700000.00,4368800000.00,11702100000.00,13884600000.00
2022-12-31 00:00:00,TAP,872900000.00,188100000.00,-0.8100,-0.8100,-175300000.00,124000000.00,-62500000.00,1073000000.00,2582200000.00,3655200000.00,10701000000.00,12807500000.00
2021-12-31 00:00:00,TAP,2285400000.00,1499300000.00,4.6200,4.6300,1005700000.00,230500000.00,1239000000.00,1545300000.00,2508100000.00,4053400000.00,10279700000.00,12449900000.00
2020-12-31 00:00:00,TAP,552700000.00,-369300000.00,-4.3800,-4.3800,-949000000.00,301800000.00,-643900000.00,1361600000.00,2406700000.00,3768300000.00,9654000000.00,11723800000.00
2019-12-31 00:00:00,TAP,,,,,,,,,,,,
2023-12-31 00:00:00,MDLZ,7645000000.00,6430000000.00,3.6200,3.6400,4959000000.00,1537000000.00,5880000000.00,5611000000.00,8153000000.00,13764000000.00,36016000000.00,36016000000.00
2022-12-31 00:00:00,MDLZ,4763000000.00,3656000000.00,1.9600,1.9700,2717000000.00,865000000.00,3228000000.00,3796000000.00,7516000000.00,11312000000.00,31496000000.00,31496000000.00
2021-12-31 00:00:00,MDLZ,5847000000.00,4734000000.00,3.0400,3.0600,4300000000.00,1190000000.00,4369000000.00,4857000000.00,6397000000.00,11254000000.00,28720000000.00,28720000000.00
2020-12-31 00:00:00,MDLZ,4922000000.00,3806000000.00,2.4700,2.4800,3555000000.00,1224000000.00,3383000000.00,4154000000.00,6292000000.00,10446000000.00,26581000000.00,26581000000.00
2019-12-31 00:00:00,MDLZ,,,,,,,,,,,,
2023-12-31 00:00:00,MPWR,521904000.00,481736000.00,8.7600,8.9800,427374000.00,78467000.00,505841000.00,481736000.00,539383000.00,1021119000.00,1821072000.00,1821072000.00
2022-12-31 00:00:00,MPWR,563899000.00,526785000.00,9.0500,9.3700,437672000.00,87265000.00,524937000.00,526785000.00,521767000.00,1048552000.00,1794148000.00,1794148000.00
2021-12-31 00:00:00,MPWR,291116000.00,262417000.00,5.0500,5.2800,242023000.00,30196000.00,272219000.00,262417000.00,423042000.00,685459000.00,1207798000.00,1207798000.00
2020-12-31 00:00:00,MPWR,185872000.00,166686000.00,3.5000,3.6700,164375000.00,4967000.00,169342000.00,166686000.00,299268000.00,465954000.00,844452000.00,844452000.00
2019-12-31 00:00:00,MPWR,,,,,,,,,,,,
2023-12-31 00:00:00,MNST,2022253000.00,1953355000.00,1.5400,1.5600,1630988000.00,437494000.00,2068482000.00,1953355000.00,1840851000.00,3794206000.00,7140027000.00,7140027000.00
2022-12-31 00:00:00,MNST,1645962000.00,1584721000.00,1.1150,1.1300,1191624000.00,380340000.00,1571964000.00,1584721000.00,1589846000.00,3174567000.00,6311050000.00,6311050000.00
2021-12-31 00:00:00,MNST,1847622000.00,1797467000.00,1.2850,1.3050,1377475000.00,423944000.00,1801419000.00,1797467000.00,1311046000.00,3108513000.00,5541352000.00,5541352000.00
2020-12-31 00:00:00,MNST,1690183000.00,1633153000.00,1.3200,1.3300,1409594000.00,216563000.00,1626157000.00,1633153000.00,1090727000.00,2723880000.00,4598638000.00,4598638000.00
2023-12-31 00:00:00,MCO,,,8.7300,8.7700,,,,2259000000.00,3657000000.00,,,
2022-12-31 00:00:00,MCO,2337000000.00,2006000000.00,7.4400,7.4700,1374000000.00,386000000.00,1760000000.00,2021000000.00,3447000000.00,3855000000.00,5468000000.00,5468000000.00
2021-12-31 00:00:00,MCO,3183000000.00,2926000000.00,11.7800,11.8800,2214000000.00,541000000.00,2755000000.00,2853000000.00,3365000000.00,4581000000.00,6218000000.00,6218000000.00
2020-12-31 00:00:00,MCO,2654000000.00,2434000000.00,9.3900,9.4800,1778000000.00,452000000.00,2229000000.00,2447000000.00,2924000000.00,3896000000.00,5371000000.00,5371000000.00
2019-12-31 00:00:00,MCO,2235000000.00,2035000000.00,,,1422000000.00,381000000.00,1810000000.00,,,3442000000.00,4829000000.00,4829000000.00
2023-12-31 00:00:00,MOS,2475500000.00,1514900000.00,3.5000,3.5200,1164900000.00,177000000.00,1325900000.00,1338100000.00,872500000.00,2210600000.00,13696100000.00,13696100000.00
2022-12-31 00:00:00,MOS,5745200000.00,4811300000.00,10.0600,10.5665,3582800000.00,1224300000.00,4642500000.00,4785300000.00,970500000.00,5755800000.00,19125200000.00,19125200000.00
2021-12-31 00:00:00,MOS,3232000000.00,2419100000.00,4.2700,4.3100,1630600000.00,597700000.00,2224800000.00,2626600000.00,573700000.00,3200300000.00,12357400000.00,12357400000.00
2020-12-31 00:00:00,MOS,1242600000.00,395000000.00,1.7500,1.7600,666100000.00,-578500000.00,180900000.00,412900000.00,652000000.00,1064900000.00,8681700000.00,8681700000.00
2023-12-31 00:00:00,MSI,2751000000.00,2395000000.00,9.9300,10.2300,1709000000.00,432000000.00,2146000000.00,2458000000.00,2512000000.00,4970000000.00,9978000000.00,9978000000.00
2022-12-31 00:00:00,MSI,2195000000.00,1755000000.00,7.9300,8.1400,1363000000.00,148000000.00,1515000000.00,1866000000.00,2363000000.00,4229000000.00,9112000000.00,9112000000.00
2021-12-31 00:00:00,MSI,2205000000.00,1767000000.00,7.1700,7.3600,1245000000.00,302000000.00,1552000000.00,1840000000.00,2200000000.00,4040000000.00,8171000000.00,8171000000.00
2020-12-31 00:00:00,MSI,1816000000.00,1407000000.00,5.4500,5.5800,949000000.00,221000000.00,1174000000.00,1495000000.00,2113000000.00,3608000000.00,7414000000.00,7414000000.00
2019-12-31 00:00:00,MSI,,,,,,,,,,,,
2023-12-31 00:00:00,MSCI,1714959000.00,1555740000.00,14.3900,14.4500,1148592000.00,220469000.00,1369061000.00,1384609000.00,697730000.00,2082339000.00,2528920000.00,2528920000.00
2022-12-31 00:00:00,MSCI,1357908000.00,1215412000.00,10.7200,10.7800,870573000.00,173268000.00,1043841000.00,1207640000.00,636617000.00,1844257000.00,2248598000.00,2248598000.00
2021-12-31 00:00:00,MSCI,1151875000.00,1017750000.00,8.7000,8.8000,725983000.00,132153000.00,858136000.00,1088738000.00,596122000.00,1684860000.00,2043544000.00,2043544000.00
2020-12-31 00:00:00,MSCI,953344000.00,842549000.00,7.1200,7.1900,601822000.00,84403000.00,686225000.00,884764000.00,518922000.00,1403686000.00,1695390000.00,1695390000.00
2023-12-31 00:00:00,NDAQ,1996000000.00,1673000000.00,2.0800,2.1000,1059000000.00,344000000.00,1401000000.00,1806000000.00,740000000.00,2546000000.00,6064000000.00,6025000000.00
2022-12-31 00:00:00,NDAQ,1853000000.00,1595000000.00,2.2600,2.2800,1125000000.00,352000000.00,1475000000.00,1661000000.00,678000000.00,2339000000.00,6226000000.00,6178000000.00
2021-12-31 00:00:00,NDAQ,1927000000.00,1649000000.00,2.3500,2.3833,1187000000.00,347000000.00,1534000000.00,1559000000.00,673000000.00,2232000000.00,5886000000.00,5809000000.00
2020-12-31 00:00:00,NDAQ,1507000000.00,1305000000.00,1.8633,1.8900,933000000.00,279000000.00,1212000000.00,1315000000.00,627000000.00,1942000000.00,5625000000.00,5594000000.00
2024-04-30 00:00:00,NTAP,1582000000.00,1327000000.00,4.6300,4.7400,986000000.00,277000000.00,1263000000.00,1268000000.00,3165000000.00,4433000000.00,6268000000.00,6268000000.00
2023-04-30 00:00:00,NTAP,1381000000.00,1133000000.00,5.7900,5.8700,1274000000.00,-208000000.00,1066000000.00,1159000000.00,3050000000.00,4209000000.00,6362000000.00,6362000000.00
2022-04-30 00:00:00,NTAP,1362000000.00,1168000000.00,4.0900,4.2000,937000000.00,158000000.00,1095000000.00,1203000000.00,3017000000.00,4220000000.00,6318000000.00,6318000000.00
2021-04-30 00:00:00,NTAP,1243000000.00,1036000000.00,3.2300,3.2900,730000000.00,232000000.00,962000000.00,933000000.00,2882000000.00,3815000000.00,5744000000.00,5744000000.00
2020-04-30 00:00:00,NTAP,,,,,,,,,,,,
2023-12-31 00:00:00,NFLX,21508387000.00,6954003000.00,12.0300,12.2500,5407990000.00,797415000.00,6205405000.00,6954003000.00,7053926000.00,14007929000.00,33723297000.00,33723297000.00
2022-12-31 00:00:00,NFLX,20332955000.00,5970141000.00,9.9500,10.1000,4491924000.00,772005000.00,5263929000.00,5632831000.00,6814434000.00,12447265000.00,31615550000.00,31615550000.00
2021-12-31 00:00:00,NFLX,19044502000.00,6605723000.00,11.2400,11.5500,5116228000.00,723875000.00,5840103000.00,6194509000.00,6170652000.00,12365161000.00,29697844000.00,29697844000.00
2020-12-31 00:00:00,NFLX,15507911000.00,4585289000.00,6.0800,6.2600,2761395000.00,437954000.00,3199349000.00,4585289000.00,5134448000.00,9719737000.00,24996056000.00,24996056000.00
2019-12-31 00:00:00,NFLX,,,,,,,,,,,,
2023-12-31 00:00:00,NEM,320000000.00,-1788000000.00,-2.9700,-2.9700,-2494000000.00,526000000.00,-2031000000.00,708000000.00,2297000000.00,3005000000.00,11812000000.00,11812000000.00
2022-12-31 00:00:00,NEM,2361000000.00,176000000.00,-0.5400,-0.5400,-429000000.00,455000000.00,-51000000.00,1605000000.00,1657000000.00,3262000000.00,11915000000.00,11915000000.00
2021-12-31 00:00:00,NEM,3705000000.00,1382000000.00,1.4600,1.4600,1166000000.00,1098000000.00,1108000000.00,1996000000.00,2468000000.00,4464000000.00,12222000000.00,12222000000.00
2020-12-31 00:00:00,NEM,5751000000.00,3451000000.00,3.5100,3.5200,2829000000.00,704000000.00,3143000000.00,3061000000.00,1122000000.00,4183000000.00,11497000000.00,11497000000.00
2019-12-31 00:00:00,NEM,,,,,,,,,,,,
2023-12-31 00:00:00,NEE,16763000000.00,10612000000.00,3.6000,3.6100,7310000000.00,1006000000.00,7288000000.00,9832000000.00,8144000000.00,17976000000.00,28114000000.00,28114000000.00
2022-12-31 00:00:00,NEE,9207000000.00,4417000000.00,2.0871,2.0871,4147000000.00,586000000.00,3832000000.00,3559000000.00,6580000000.00,10139000000.00,20956000000.00,20956000000.00
2021-12-31 00:00:00,NEE,8659000000.00,4445000000.00,1.8100,1.8100,3573000000.00,348000000.00,3175000000.00,2836000000.00,5725000000.00,8561000000.00,17069000000.00,17069000000.00
2020-12-31 00:00:00,NEE,8678000000.00,4363000000.00,1.4800,1.4893,2919000000.00,44000000.00,2413000000.00,4946000000.00,5761000000.00,10707000000.00,17997000000.00,17997000000.00
2019-12-31 00:00:00,NEE,,,,,,,,,,,,
2024-05-31 00:00:00,NKE,7155000000.00,6311000000.00,3.7300,3.7600,5700000000.00,1000000000.00,6700000000.00,6311000000.00,16576000000.00,22887000000.00,51362000000.00,51362000000.00
2023-05-31 00:00:00,NKE,6774000000.00,5915000000.00,3.2300,3.2700,5070000000.00,1131000000.00,6201000000.00,5915000000.00,16377000000.00,22292000000.00,51217000000.00,51217000000.00
2022-05-31 00:00:00,NKE,7515000000.00,6675000000.00,3.7500,3.8300,6046000000.00,605000000.00,6651000000.00,6675000000.00,14804000000.00,21479000000.00,46710000000.00,46710000000.00
2021-05-31 00:00:00,NKE,7734000000.00,6937000000.00,3.5600,3.6400,5727000000.00,934000000.00,6661000000.00,6937000000.00,13025000000.00,19962000000.00,44538000000.00,44538000000.00
2023-12-31 00:00:00,NI,2223300000.00,1315100000.00,1.4800,1.5900,714300000.00,139500000.00,813900000.00,1274400000.00,1202800000.00,2477200000.00,5505400000.00,5347800000.00
2022-12-31 00:00:00,NI,2149400000.00,1328600000.00,1.7000,1.8400,804100000.00,164600000.00,956400000.00,1189200000.00,1061500000.00,2250700000.00,5850600000.00,5738600000.00
2021-12-31 00:00:00,NI,1798400000.00,1050000000.00,1.2700,1.3500,584900000.00,117800000.00,706600000.00,1050100000.00,1001200000.00,2051300000.00,4899600000.00,4731300000.00
2020-12-31 00:00:00,NI,1065600000.00,339700000.00,-0.1900,-0.1900,-17600000.00,-17100000.00,-31300000.00,970700000.00,1015800000.00,1986500000.00,4681700000.00,4473200000.00
2019-12-31 00:00:00,NI,,,,,,,,,,,,
2023-10-31 00:00:00,NDSN,786742000.00,674844000.00,8.4600,8.5400,487493000.00,127846000.00,615339000.00,672761000.00,752644000.00,1425405000.00,2628632000.00,2628632000.00
2022-10-31 00:00:00,NDSN,771615000.00,671692000.00,8.8100,8.9000,513103000.00,136176000.00,649279000.00,702360000.00,724176000.00,1426536000.00,2590278000.00,2590278000.00
2021-10-31 00:00:00,NDSN,703550000.00,599667000.00,7.7400,7.8200,454368000.00,119808000.00,574176000.00,615127000.00,708953000.00,1324080000.00,2362209000.00,2362209000.00
2020-10-31 00:00:00,NDSN,446951000.00,333649000.00,4.2700,4.3200,249539000.00,51950000.00,301489000.00,436916000.00,693552000.00,1130468000.00,2121100000.00,2121100000.00
2019-10-31 00:00:00,NDSN,,,,,,,,,,,,
2023-12-31 00:00:00,NSC,4340000000.00,3042000000.00,8.0200,8.0400,1827000000.00,493000000.00,2320000000.00,4274000000.00,161000000.00,4435000000.00,12156000000.00,12156000000.00
2022-12-31 00:00:00,NSC,6043000000.00,4822000000.00,13.8800,14.3373,3270000000.00,860000000.00,4130000000.00,5002000000.00,237000000.00,5239000000.00,12745000000.00,12745000000.00
2021-12-31 00:00:00,NSC,5705000000.00,4524000000.00,12.1100,12.5123,3005000000.00,873000000.00,3878000000.00,4714000000.00,30000000.00,4744000000.00,11142000000.00,11142000000.00
2020-12-31 00:00:00,NSC,4309000000.00,3155000000.00,7.8400,7.9851,2013000000.00,517000000.00,2530000000.00,3657000000.00,109000000.00,3766000000.00,9789000000.00,9789000000.00
2019-12-31 00:00:00,NSC,,,,,,,,,,,,
2023-12-31 00:00:00,NOC,4229000000.00,2891000000.00,13.5300,13.5700,2056000000.00,290000000.00,2346000000.00,2537000000.00,4014000000.00,6551000000.00,39290000000.00,39290000000.00
2022-12-31 00:00:00,NOC,7684000000.00,6342000000.00,31.4700,31.6100,4896000000.00,940000000.00,5836000000.00,3601000000.00,3873000000.00,7474000000.00,36602000000.00,36602000000.00
2021-12-31 00:00:00,NOC,10733000000.00,9494000000.00,43.5400,43.7000,7005000000.00,1933000000.00,8938000000.00,3671000000.00,3597000000.00,7268000000.00,35667000000.00,35667000000.00
2020-12-31 00:00:00,NOC,5588000000.00,4321000000.00,19.0300,19.0800,3189000000.00,539000000.00,3728000000.00,4065000000.00,3413000000.00,7478000000.00,36799000000.00,36799000000.00
2023-12-31 00:00:00,NCLH,1773943000.00,890707000.00,0.3900,0.3900,166178000.00,-3002000.00,163176000.00,930911000.00,2150426000.00,3081337000.00,8549924000.00,8549924000.00
2022-12-31 00:00:00,NCLH,-665138000.00,-1475191000.00,-5.4100,-5.4100,-2269909000.00,-6794000.00,-2276703000.00,-1551757000.00,2128431000.00,576674000.00,4843760000.00,4843760000.00
2021-12-31 00:00:00,NCLH,-1669791000.00,-2428395000.00,-12.3300,-12.3300,-4506587000.00,5267000.00,-4501320000.00,-2552348000.00,1592297000.00,-960051000.00,647986000.00,647986000.00
2020-12-31 00:00:00,NCLH,-2778115000.00,-3517734000.00,-15.7500,-15.7500,-4012514000.00,12467000.00,-4000047000.00,-1876338000.00,1463185000.00,-413153000.00,1279908000.00,1279908000.00
2019-12-31 00:00:00,NCLH,,,,,,,,,,,,
2023-12-31 00:00:00,NRG,1628000000.00,454000000.00,-1.1200,-1.1200,-202000000.00,-11000000.00,-213000000.00,-1049000000.00,3346000000.00,2297000000.00,28823000000.00,28361000000.00
2022-12-31 00:00:00,NRG,2768000000.00,2080000000.00,5.1700,5.1700,1221000000.00,442000000.00,1663000000.00,2224000000.00,1873000000.00,4097000000.00,31543000000.00,31161000000.00
2021-12-31 00:00:00,NRG,4180000000.00,3344000000.00,8.9300,8.9300,2187000000.00,672000000.00,2859000000.00,3731000000.00,2776000000.00,6507000000.00,26989000000.00,26989000000.00
2020-12-31 00:00:00,NRG,1721000000.00,1162000000.00,2.0700,2.0800,510000000.00,251000000.00,761000000.00,1200000000.00,1353000000.00,2553000000.00,9093000000.00,9093000000.00
2019-12-31 00:00:00,NRG,,,,,,,,,,,,
2023-12-31 00:00:00,NUE,7687026000.00,6518711000.00,18.0000,18.0500,4524801000.00,1359966000.00,6272757000.00,6230342000.00,1584052000.00,7814394000.00,34713501000.00,34713501000.00
2022-12-31 00:00:00,NUE,11525389000.00,10463755000.00,28.7900,28.8800,7607337000.00,2165204000.00,10244844000.00,10506102000.00,1997178000.00,12503280000.00,41512467000.00,41512467000.00
2021-12-31 00:00:00,NUE,10228542000.00,9363979000.00,23.1600,23.2300,6827461000.00,2078488000.00,9200858000.00,9318805000.00,1706609000.00,11025414000.00,36483939000.00,36483939000.00
2020-12-31 00:00:00,NUE,1787617000.00,1002151000.00,2.3600,2.3700,721470000.00,-490000.00,835538000.00,1612909000.00,615041000.00,2227950000.00,20139658000.00,20139658000.00
2019-12-31 00:00:00,NUE,,,,,,,,,,,,
2024-01-31 00:00:00,NVDA,35583000000.00,34075000000.00,1.1930,1.2050,29760000000.00,4058000000.00,33818000000.00,32972000000.00,11329000000.00,44301000000.00,60922000000.00,60922000000.00
2023-01-31 00:00:00,NVDA,5987000000.00,4443000000.00,0.1740,0.1760,4368000000.00,-187000000.00,4181000000.00,5577000000.00,9779000000.00,15356000000.00,26974000000.00,26974000000.00
2022-01-31 00:00:00,NVDA,11351000000.00,10177000000.00,0.3850,0.3910,9752000000.00,189000000.00,9941000000.00,10041000000.00,7434000000.00,17475000000.00,26914000000.00,26914000000.00
2021-01-31 00:00:00,NVDA,5691000000.00,4593000000.00,0.1725,0.1755,4332000000.00,77000000.00,4409000000.00,4532000000.00,5864000000.00,10396000000.00,16675000000.00,16675000000.00
2023-12-31 00:00:00,NVR,1973029000.00,1956113000.00,463.3100,491.5200,1591611000.00,336762000.00,1928373000.00,1951664000.00,532027000.00,2483691000.00,9534889000.00,9534889000.00
2022-12-31 00:00:00,NVR,2310114000.00,2292718000.00,491.8200,525.2000,1725575000.00,527619000.00,2253194000.00,2287755000.00,588261000.00,2876016000.00,10538287000.00,10538287000.00
2021-12-31 00:00:00,NVR,1662983000.00,1643520000.00,320.4800,345.3700,1236719000.00,353684000.00,1590403000.00,1639767000.00,556868000.00,2196635000.00,8959750000.00,8959750000.00
2020-12-31 00:00:00,NVR,1140897000.00,1118905000.00,230.1100,244.1100,901248000.00,176785000.00,1078033000.00,1115656000.00,492796000.00,1608452000.00,7545853000.00,7545853000.00
2023-12-31 00:00:00,NXPI,4896000000.00,3790000000.00,10.7000,10.8300,2797000000.00,523000000.00,3352000000.00,3676000000.00,3877000000.00,7553000000.00,13276000000.00,13276000000.00
2022-12-31 00:00:00,NXPI,5040000000.00,3790000000.00,10.5500,10.6400,2787000000.00,529000000.00,3363000000.00,3794000000.00,3723000000.00,7517000000.00,13205000000.00,13205000000.00
2021-12-31 00:00:00,NXPI,3811000000.00,2549000000.00,6.7900,6.9100,1871000000.00,272000000.00,2180000000.00,2583000000.00,3484000000.00,6067000000.00,11063000000.00,11063000000.00
2020-12-31 00:00:00,NXPI,2351000000.00,363000000.00,0.1800,0.1900,52000000.00,-83000000.00,1000000.00,304000000.00,3931000000.00,4235000000.00,8612000000.00,8612000000.00
2019-12-31 00:00:00,NXPI,,,,,,,,,,,,
2023-12-31 00:00:00,ORLY,3615479000.00,3206418000.00,38.4700,38.8000,2346581000.00,658169000.00,3004750000.00,3186376000.00,4918427000.00,8104803000.00,15812250000.00,15812250000.00
2022-12-31 00:00:00,ORLY,3314308000.00,2956375000.00,33.4400,33.7500,2172650000.00,626005000.00,2798655000.00,2954491000.00,4427215000.00,7381706000.00,14409860000.00,14409860000.00
2021-12-31 00:00:00,ORLY,3254899000.00,2926682000.00,31.1000,31.3900,2164685000.00,617229000.00,2781914000.00,2917168000.00,4102781000.00,7019949000.00,13327563000.00,13327563000.00
2020-12-31 00:00:00,ORLY,2742166000.00,2427531000.00,23.5300,23.7400,1752302000.00,514103000.00,2266405000.00,2419336000.00,3666356000.00,6085692000.00,11604493000.00,11604493000.00
2023-12-31 00:00:00,OXY,14239000000.00,7374000000.00,3.9000,4.2200,4696000000.00,1733000000.00,6429000000.00,6414000000.00,3695000000.00,10109000000.00,28257000000.00,28325000000.00
2022-12-31 00:00:00,OXY,22073000000.00,15147000000.00,12.4000,13.4100,13304000000.00,813000000.00,14117000000.00,13665000000.00,3980000000.00,17645000000.00,36634000000.00,36234000000.00
2021-12-31 00:00:00,OXY,13766000000.00,5319000000.00,1.5800,1.6200,2322000000.00,915000000.00,3705000000.00,4665000000.00,3185000000.00,7850000000.00,25956000000.00,25959000000.00
2020-12-31 00:00:00,OXY,-6184000000.00,-14281000000.00,-17.0600,-17.0600,-14831000000.00,-2172000000.00,-15705000000.00,-1258000000.00,2502000000.00,1244000000.00,17809000000.00,17809000000.00
2019-12-31 00:00:00,OXY,,,,,,,,,,,,
2023-12-31 00:00:00,ODFL,1972689000.00,1648240000.00,5.6300,5.6650,1239502000.00,408274000.00,1647776000.00,1640673000.00,431526000.00,2072199000.00,5866152000.00,5866152000.00
2022-12-31 00:00:00,ODFL,2118978000.00,1842912000.00,6.0900,6.1300,1377159000.00,464190000.00,1841349000.00,1840632000.00,415494000.00,2256126000.00,6260077000.00,6260077000.00
2021-12-31 00:00:00,ODFL,1650049000.00,1390150000.00,4.4450,4.4700,1034375000.00,354048000.00,1388423000.00,1391602000.00,383458000.00,1775060000.00,5256328000.00,5256328000.00
2020-12-31 00:00:00,ODFL,1165413000.00,904146000.00,2.8400,2.8550,672682000.00,228682000.00,901364000.00,906882000.00,321716000.00,1228598000.00,4015129000.00,4015129000.00
2019-12-31 00:00:00,ODFL,,,,,,,,,,,,
2023-12-31 00:00:00,OMC,2419600000.00,2208500000.00,6.9100,6.9800,1303300000.00,524900000.00,1992900000.00,2104700000.00,604800000.00,2709500000.00,14692200000.00,14692200000.00
2022-12-31 00:00:00,OMC,2365300000.00,2145900000.00,6.3600,6.4000,1299400000.00,546800000.00,1945400000.00,2083300000.00,597900000.00,2681200000.00,14289100000.00,14289100000.00
2021-12-31 00:00:00,OMC,2403500000.00,2191400000.00,6.5300,6.5700,1395600000.00,488700000.00,1988800000.00,2197900000.00,591800000.00,2789700000.00,14289400000.00,14289400000.00
2020-12-31 00:00:00,OMC,1848500000.00,1625900000.00,4.3700,4.3800,951200000.00,381700000.00,1409300000.00,1598800000.00,583100000.00,2181900000.00,13171100000.00,13171100000.00
2019-12-31 00:00:00,OMC,,,,,,,,,,,,
2023-12-31 00:00:00,ON,3220100000.00,2610600000.00,4.8900,5.0700,2183700000.00,350200000.00,2535800000.00,2613600000.00,1269900000.00,3883500000.00,8253000000.00,8253000000.00
2022-12-31 00:00:00,ON,3008900000.00,2457100000.00,4.2400,4.3900,1902200000.00,458400000.00,2362200000.00,2764700000.00,1312500000.00,4077200000.00,8326200000.00,8326200000.00
2021-12-31 00:00:00,ON,1884900000.00,1288200000.00,2.2700,2.3700,1009600000.00,146600000.00,1157800000.00,1361900000.00,1352400000.00,2714300000.00,6739800000.00,6739800000.00
2020-12-31 00:00:00,ON,970100000.00,345000000.00,0.5600,0.5700,234200000.00,-59800000.00,176600000.00,415200000.00,1300600000.00,1715800000.00,5255000000.00,5255000000.00
2019-12-31 00:00:00,ON,,,,,,,,,,,,
2023-12-31 00:00:00,OKE,5132000000.00,4363000000.00,5.4800,5.4900,2659000000.00,838000000.00,3497000000.00,4230000000.00,749000000.00,4979000000.00,17677000000.00,17677000000.00
2022-12-31 00:00:00,OKE,3552000000.00,2926000000.00,3.8400,3.8500,1722000000.00,528000000.00,2250000000.00,2807000000.00,1044000000.00,3851000000.00,22387000000.00,22387000000.00
2021-12-31 00:00:00,OKE,3339000000.00,2717000000.00,3.3500,3.3600,1500000000.00,484000000.00,1984000000.00,2596000000.00,1065000000.00,3661000000.00,16540000000.00,16540000000.00
2020-12-31 00:00:00,OKE,2093864000.00,1515202000.00,1.4200,1.4200,612809000.00,189507000.00,802316000.00,1968557000.00,884877000.00,2853434000.00,8542242000.00,8542242000.00
2019-12-31 00:00:00,OKE,,,,,,,,,,,,
2024-05-31 00:00:00,ORCL,21394000000.00,15255000000.00,3.7100,3.8200,10467000000.00,1274000000.00,11741000000.00,16071000000.00,21747000000.00,37818000000.00,52961000000.00,52961000000.00
2023-05-31 00:00:00,ORCL,18739000000.00,12631000000.00,3.0700,3.1500,8503000000.00,623000000.00,9126000000.00,13773000000.00,22617000000.00,36390000000.00,49954000000.00,49954000000.00
2022-05-31 00:00:00,ORCL,13526000000.00,10404000000.00,2.4100,2.4900,6717000000.00,932000000.00,7649000000.00,15830000000.00,17733000000.00,33563000000.00,42440000000.00,42440000000.00
2021-05-31 00:00:00,ORCL,18411000000.00,15495000000.00,4.5500,4.6700,13746000000.00,-747000000.00,12999000000.00,15782000000.00,16842000000.00,32624000000.00,40479000000.00,40479000000.00
2020-05-31 00:00:00,ORCL,,,,,,,,,,,,
2023-12-31 00:00:00,OTIS,2379000000.00,2186000000.00,3.3900,3.4200,1406000000.00,533000000.00,2031000000.00,2186000000.00,2007000000.00,4193000000.00,14209000000.00,14209000000.00
2022-12-31 00:00:00,OTIS,2224000000.00,2033000000.00,2.9600,2.9800,1253000000.00,519000000.00,1888000000.00,2033000000.00,1887000000.00,3920000000.00,13685000000.00,13685000000.00
2021-12-31 00:00:00,OTIS,2311000000.00,2108000000.00,2.8900,2.9100,1246000000.00,541000000.00,1961000000.00,2108000000.00,2085000000.00,4193000000.00,14298000000.00,14298000000.00
2020-12-31 00:00:00,OTIS,1830000000.00,1639000000.00,2.0800,2.0900,906000000.00,455000000.00,1511000000.00,1639000000.00,2140000000.00,3779000000.00,12756000000.00,12756000000.00
2019-12-31 00:00:00,OTIS,,,,,,,,,,,,
2023-12-31 00:00:00,PCAR,6870300000.00,5946400000.00,8.7600,8.7800,4600800000.00,1117400000.00,5718200000.00,5946400000.00,1684100000.00,7630500000.00,35127400000.00,35127400000.00
2022-12-31 00:00:00,PCAR,4468800000.00,3678600000.00,5.7533,5.7600,3011600000.00,837100000.00,3848700000.00,3678600000.00,1547900000.00,5226500000.00,28819700000.00,28819700000.00
2021-12-31 00:00:00,PCAR,3277600000.00,2308200000.00,3.5467,3.5533,1865500000.00,530800000.00,2396300000.00,2308200000.00,1970800000.00,4279000000.00,23522300000.00,23522300000.00
2020-12-31 00:00:00,PCAR,2620600000.00,1571600000.00,2.4933,2.4933,1301200000.00,360400000.00,1661600000.00,1571600000.00,1892100000.00,3463700000.00,18728500000.00,18728500000.00
2019-12-31 00:00:00,PCAR,,,,,,,,,,,,
2023-12-31 00:00:00,PKG,1585100000.00,1067400000.00,8.4800,8.5200,765200000.00,248900000.00,1014100000.00,1118000000.00,580900000.00,1698900000.00,7802400000.00,7802400000.00
2022-12-31 00:00:00,PKG,1892000000.00,1435200000.00,11.0300,11.0800,1029800000.00,335000000.00,1364800000.00,1482000000.00,608600000.00,2090600000.00,8478000000.00,8478000000.00
2021-12-31 00:00:00,PKG,1678600000.00,1261100000.00,8.8300,8.8700,841100000.00,267600000.00,1108700000.00,1296200000.00,576800000.00,1873000000.00,7730300000.00,7730300000.00
2020-12-31 00:00:00,PKG,1136100000.00,726200000.00,4.8400,4.8600,461000000.00,171700000.00,632700000.00,829800000.00,539600000.00,1369400000.00,6658200000.00,6658200000.00
2019-12-31 00:00:00,PKG,,,,,,,,,,,,
2024-07-31 00:00:00,PANW,1276400000.00,993100000.00,7.2800,8.0700,2577600000.00,-1589300000.00,988300000.00,683900000.00,5284400000.00,5968300000.00,8027500000.00,8027500000.00
2023-07-31 00:00:00,PANW,869000000.00,586800000.00,1.2800,1.4500,439700000.00,126600000.00,566300000.00,387300000.00,4595700000.00,4983000000.00,6892700000.00,6892700000.00
2022-07-31 00:00:00,PANW,95600000.00,-187000000.00,-0.9033,-0.9033,-267000000.00,59800000.00,-207200000.00,-188800000.00,3971600000.00,3782800000.00,5501500000.00,5501500000.00
2021-07-31 00:00:00,PANW,-46600000.00,-307000000.00,-1.7267,-1.7267,-498900000.00,33900000.00,-465000000.00,-304100000.00,3285300000.00,2981200000.00,4256100000.00,4256100000.00
2023-12-31 00:00:00,PARA,85000000.00,-333000000.00,-1.0200,-1.0200,-608000000.00,-361000000.00,-1253000000.00,-552000000.00,7816000000.00,7264000000.00,29652000000.00,29652000000.00
2022-12-31 00:00:00,PARA,2575000000.00,2197000000.00,1.6100,1.6100,1104000000.00,227000000.00,1266000000.00,2833000000.00,7476000000.00,10309000000.00,30154000000.00,30154000000.00
2021-12-31 00:00:00,PARA,6582000000.00,6192000000.00,6.9400,7.0200,4543000000.00,646000000.00,5206000000.00,4011000000.00,6831000000.00,10842000000.00,28586000000.00,28586000000.00
2020-12-31 00:00:00,PARA,4608000000.00,4178000000.00,3.9200,3.9300,2422000000.00,535000000.00,3147000000.00,4474000000.00,5819000000.00,10293000000.00,25285000000.00,25285000000.00
2019-12-31 00:00:00,PARA,,,,,,,,,,,,
2024-06-30 00:00:00,PH,5028229000.00,4101098000.00,,,2844215000.00,749667000.00,3594603000.00,3885613000.00,3242177000.00,7127790000.00,19929606000.00,19929606000.00
2023-06-30 00:00:00,PH,4071687000.00,3253558000.00,16.0400,16.2300,2082936000.00,596128000.00,2679664000.00,3142199000.00,3287103000.00,6429302000.00,19065194000.00,19065194000.00
2022-06-30 00:00:00,PH,2441242000.00,1869478000.00,10.0900,10.2400,1315605000.00,298040000.00,1614226000.00,2807238000.00,2504061000.00,5311299000.00,15861608000.00,15861608000.00
2021-06-30 00:00:00,PH,3092383000.00,2496993000.00,13.3500,13.5400,1746100000.00,500096000.00,2246957000.00,2310711000.00,2432407000.00,4743118000.00,14347640000.00,14347640000.00
2020-06-30 00:00:00,PH,,,9.2900,9.3900,,,,,,,,
2024-05-31 00:00:00,PAYX,2431800000.00,2255300000.00,4.6700,4.6900,1690400000.00,527600000.00,2218000000.00,2174100000.00,1624900000.00,3799000000.00,5278300000.00,5132000000.00
2023-05-31 00:00:00,PAYX,2261500000.00,2084900000.00,4.3000,4.3200,1557300000.00,490900000.00,2048200000.00,2033100000.00,1521000000.00,3554100000.00,5007100000.00,4907300000.00
2022-05-31 00:00:00,PAYX,2053000000.00,1861200000.00,3.8400,3.8600,1392800000.00,431800000.00,1824600000.00,1840000000.00,1415400000.00,3255400000.00,4611700000.00,4554000000.00
2021-05-31 00:00:00,PAYX,1662000000.00,1470000000.00,3.0300,3.0500,1097500000.00,336700000.00,1434200000.00,1460700000.00,1324900000.00,2785600000.00,4056800000.00,3997500000.00
2023-12-31 00:00:00,PAYC,588274000.00,474326000.00,5.8800,5.9100,340788000.00,131611000.00,472399000.00,451322000.00,966062000.00,1417384000.00,1693674000.00,1693674000.00
2022-12-31 00:00:00,PAYC,484813000.00,392114000.00,4.8400,4.8600,281389000.00,108189000.00,389578000.00,378679000.00,783798000.00,1162477000.00,1375218000.00,1375218000.00
2021-12-31 00:00:00,PAYC,323184000.00,255962000.00,3.3700,3.3900,195960000.00,60002000.00,255962000.00,253567000.00,640071000.00,893638000.00,1055524000.00,1055524000.00
2020-12-31 00:00:00,PAYC,239328000.00,185955000.00,2.4600,2.4900,143453000.00,42483000.00,185936000.00,186123000.00,531765000.00,717888000.00,841434000.00,841434000.00
2019-12-31 00:00:00,PAYC,,,,,,,,,,,,
2023-12-31 00:00:00,PYPL,6830000000.00,5758000000.00,3.8400,3.8500,4246000000.00,1165000000.00,5411000000.00,4944000000.00,8760000000.00,13704000000.00,29771000000.00,29771000000.00
2022-12-31 00:00:00,PYPL,4987000000.00,3670000000.00,2.0900,2.1000,2419000000.00,947000000.00,3366000000.00,4044000000.00,9729000000.00,13773000000.00,27518000000.00,27518000000.00
2021-12-31 00:00:00,PYPL,5596000000.00,4331000000.00,3.5200,3.5500,4169000000.00,-70000000.00,4099000000.00,4324000000.00,9672000000.00,13996000000.00,25371000000.00,25371000000.00
2020-12-31 00:00:00,PYPL,6463000000.00,5274000000.00,3.5400,3.5800,4202000000.00,863000000.00,5065000000.00,3428000000.00,8351000000.00,11779000000.00,21454000000.00,21454000000.00
2023-12-31 00:00:00,PNR,852000000.00,737200000.00,3.7500,3.7700,622700000.00,-4000000.00,618900000.00,739200000.00,780000000.00,1519200000.00,4104500000.00,4104500000.00
2022-12-31 00:00:00,PNR,719000000.00,612400000.00,2.9000,2.9200,480900000.00,67400000.00,550600000.00,595300000.00,769300000.00,1364600000.00,4121800000.00,4121800000.00
2021-12-31 00:00:00,PNR,716800000.00,639300000.00,3.3000,3.3400,553000000.00,70800000.00,626800000.00,636900000.00,682300000.00,1319200000.00,3764800000.00,3764800000.00
2020-12-31 00:00:00,PNR,531100000.00,456000000.00,2.1400,2.1500,358600000.00,75000000.00,432100000.00,461400000.00,596200000.00,1057600000.00,3017800000.00,3017800000.00
2023-12-31 00:00:00,PEP,15754000000.00,12236000000.00,6.5600,6.5900,9074000000.00,2262000000.00,11417000000.00,12913000000.00,36677000000.00,49590000000.00,91471000000.00,91471000000.00
2022-12-31 00:00:00,PEP,14924000000.00,11644000000.00,6.4200,6.4706,8910000000.00,1727000000.00,10705000000.00,11357000000.00,34459000000.00,45816000000.00,86392000000.00,86392000000.00
2021-12-31 00:00:00,PEP,14899000000.00,11684000000.00,5.4900,5.5083,7618000000.00,2142000000.00,9821000000.00,11162000000.00,31237000000.00,42399000000.00,79474000000.00,79474000000.00
2020-12-31 00:00:00,PEP,13223000000.00,10197000000.00,5.1200,5.1594,7120000000.00,1894000000.00,9069000000.00,10122000000.00,28453000000.00,38575000000.00,70372000000.00,70372000000.00
2019-12-31 00:00:00,PEP,,,,,,,,,,,,
2023-12-31 00:00:00,PFE,9557000000.00,3267000000.00,0.3700,0.3800,2119000000.00,-1115000000.00,1058000000.00,3359000000.00,30183000000.00,33542000000.00,58496000000.00,58496000000.00
2022-12-31 00:00:00,PFE,41031000000.00,35967000000.00,5.4700,5.5900,31372000000.00,3328000000.00,34729000000.00,37272000000.00,28714000000.00,65986000000.00,100330000000.00,100330000000.00
2021-12-31 00:00:00,PFE,30793000000.00,25602000000.00,3.8500,3.9200,21979000000.00,1852000000.00,24311000000.00,23704000000.00,26763000000.00,50467000000.00,81288000000.00,81288000000.00
2020-12-31 00:00:00,PFE,13262000000.00,8485000000.00,1.7100,1.7300,9159000000.00,370000000.00,7036000000.00,8829000000.00,24338000000.00,33167000000.00,41651000000.00,41651000000.00
2019-12-31 00:00:00,PFE,,,,,,,,,,,,
2023-12-31 00:00:00,PCG,7287000000.00,3549000000.00,1.0500,1.0900,2256000000.00,-1557000000.00,699000000.00,4002000000.00,4305000000.00,8307000000.00,24428000000.00,24428000000.00
2022-12-31 00:00:00,PCG,6249000000.00,2393000000.00,0.8400,0.9100,1814000000.00,-1338000000.00,476000000.00,2682000000.00,4333000000.00,7015000000.00,21680000000.00,21680000000.00
2021-12-31 00:00:00,PCG,5752000000.00,2349000000.00,-0.0500,-0.0500,-88000000.00,836000000.00,748000000.00,2141000000.00,3920000000.00,6061000000.00,20642000000.00,20642000000.00
2020-12-31 00:00:00,PCG,3787000000.00,318000000.00,-1.0500,-1.0500,-1304000000.00,362000000.00,-942000000.00,2006000000.00,3881000000.00,5887000000.00,18469000000.00,18469000000.00
2023-12-31 00:00:00,PM,13374000000.00,11976000000.00,5.0200,5.0200,7813000000.00,2339000000.00,10450000000.00,12176000000.00,10105000000.00,22281000000.00,35174000000.00,84578000000.00
2022-12-31 00:00:00,PM,13479000000.00,12402000000.00,5.8100,5.8200,9048000000.00,2244000000.00,11634000000.00,12222000000.00,8138000000.00,20360000000.00,31762000000.00,80720000000.00
2021-12-31 00:00:00,PM,13967000000.00,12969000000.00,5.8300,5.8300,9109000000.00,2671000000.00,12232000000.00,12860000000.00,8515000000.00,21375000000.00,31405000000.00,82223000000.00
2020-12-31 00:00:00,PM,12662000000.00,11681000000.00,5.1600,5.1600,8056000000.00,2377000000.00,10953000000.00,11571000000.00,7554000000.00,19125000000.00,28694000000.00,76047000000.00
2019-12-31 00:00:00,PM,,,,,,,,,,,,
2023-12-31 00:00:00,PSX,12372000000.00,10395000000.00,15.4800,15.5600,7015000000.00,2230000000.00,9469000000.00,7950000000.00,9386000000.00,17336000000.00,147399000000.00,147399000000.00
2022-12-31 00:00:00,PSX,16910000000.00,15281000000.00,23.2700,23.3600,11024000000.00,3248000000.00,14639000000.00,9620000000.00,8809000000.00,18429000000.00,169990000000.00,169990000000.00
2021-12-31 00:00:00,PSX,3950000000.00,2345000000.00,2.9700,2.9700,1315000000.00,146000000.00,1740000000.00,468000000.00,7301000000.00,7769000000.00,111476000000.00,111476000000.00
2020-12-31 00:00:00,PSX,-3048000000.00,-4443000000.00,-9.0600,-9.0600,-3975000000.00,-1250000000.00,-4964000000.00,-1544000000.00,6571000000.00,5027000000.00,64129000000.00,64129000000.00
2019-12-31 00:00:00,PSX,,,,,,,,,,,,
2023-12-31 00:00:00,PNW,1781152000.00,927016000.00,4.4100,4.4200,501557000.00,76912000.00,595693000.00,824640000.00,1019969000.00,1844609000.00,4695991000.00,4695991000.00
2022-12-31 00:00:00,PNW,1649006000.00,831192000.00,4.2600,4.2700,483602000.00,74827000.00,575653000.00,731911000.00,976059000.00,1707970000.00,4324385000.00,4324385000.00
2021-12-31 00:00:00,PNW,1698433000.00,979292000.00,5.4700,5.4800,618720000.00,110086000.00,746030000.00,805310000.00,891907000.00,1697217000.00,3803835000.00,3803835000.00
2020-12-31 00:00:00,PNW,1563449000.00,877196000.00,4.8700,4.8900,550559000.00,78173000.00,648225000.00,788152000.00,846501000.00,1634653000.00,3586982000.00,3586982000.00
2023-12-31 00:00:00,POOL,786707000.00,746567000.00,13.3500,13.4500,523229000.00,165084000.00,688136000.00,746567000.00,913477000.00,1660044000.00,5541595000.00,5541595000.00
2022-12-31 00:00:00,POOL,1064808000.00,1025783000.00,18.7000,18.8900,748462000.00,236763000.00,984872000.00,1025783000.00,907629000.00,1933412000.00,6179727000.00,6179727000.00
2021-12-31 00:00:00,POOL,862810000.00,832784000.00,15.9700,16.2100,650624000.00,173812000.00,824145000.00,832784000.00,784308000.00,1617092000.00,5295584000.00,5295584000.00
2020-12-31 00:00:00,POOL,493425000.00,464027000.00,8.9700,9.1400,366738000.00,85231000.00,451674000.00,470971000.00,659931000.00,1130902000.00,3936623000.00,3936623000.00
2019-12-31 00:00:00,POOL,,,,,,,,,,,,
2023-12-31 00:00:00,PPG,2553000000.00,1995000000.00,5.3500,5.3800,1270000000.00,439000000.00,1748000000.00,2059000000.00,5442000000.00,7501000000.00,18246000000.00,18246000000.00
2022-12-31 00:00:00,PPG,2102000000.00,1548000000.00,4.3200,4.3400,1026000000.00,325000000.00,1381000000.00,1722000000.00,4834000000.00,6556000000.00,17652000000.00,17652000000.00
2021-12-31 00:00:00,PPG,2497000000.00,1936000000.00,6.0100,6.0600,1439000000.00,374000000.00,1815000000.00,1701000000.00,4815000000.00,6516000000.00,16802000000.00,16802000000.00
2020-12-31 00:00:00,PPG,2009000000.00,1500000000.00,4.4500,4.4700,1059000000.00,291000000.00,1362000000.00,1787000000.00,4270000000.00,6057000000.00,13834000000.00,13834000000.00
2019-12-31 00:00:00,PPG,,,,,,,,,,,,
2023-12-31 00:00:00,PPL,2925000000.00,1590000000.00,1.0000,1.0000,740000000.00,184000000.00,924000000.00,1670000000.00,1606000000.00,3276000000.00,8312000000.00,8312000000.00
2022-12-31 00:00:00,PPL,2661000000.00,1428000000.00,1.0200,1.0200,756000000.00,201000000.00,915000000.00,1421000000.00,1466000000.00,2887000000.00,7902000000.00,7902000000.00
2021-12-31 00:00:00,PPL,2560000000.00,1439000000.00,-1.9300,-1.9300,-1480000000.00,503000000.00,521000000.00,1445000000.00,1268000000.00,2713000000.00,5783000000.00,5783000000.00
2020-12-31 00:00:00,PPL,2668000000.00,1588000000.00,1.9100,1.9100,1469000000.00,314000000.00,954000000.00,1584000000.00,1204000000.00,2788000000.00,5474000000.00,5474000000.00
2019-12-31 00:00:00,PPL,,,,,,,,,,,,
2024-06-30 00:00:00,PG,22582000000.00,19686000000.00,,,14879000000.00,3787000000.00,18761000000.00,19886000000.00,23305000000.00,43191000000.00,84039000000.00,84039000000.00
2023-06-30 00:00:00,PG,21823000000.00,19109000000.00,5.9000,6.0700,14653000000.00,3615000000.00,18353000000.00,18134000000.00,21112000000.00,39246000000.00,82006000000.00,82006000000.00
2022-06-30 00:00:00,PG,21241000000.00,18434000000.00,5.8100,6.0000,14742000000.00,3202000000.00,17995000000.00,17813000000.00,20217000000.00,38030000000.00,80187000000.00,80187000000.00
2021-06-30 00:00:00,PG,20852000000.00,18117000000.00,5.5000,5.6900,14306000000.00,3263000000.00,17615000000.00,17986000000.00,21024000000.00,39010000000.00,76118000000.00,76118000000.00
2020-06-30 00:00:00,PG,,,4.9600,5.1300,,,,,,,,
2023-12-31 00:00:00,PLD,6567797000.00,4082906000.00,3.2900,3.3000,3059214000.00,211038000.00,3464183000.00,3084483000.00,2928651000.00,6013134000.00,8023469000.00,8023469000.00
2022-12-31 00:00:00,PLD,5795490000.00,3982713000.00,4.2500,4.2800,3364856000.00,135412000.00,3690810000.00,2280402000.00,2184196000.00,4464598000.00,5973692000.00,5973692000.00
2021-12-31 00:00:00,PLD,5150884000.00,3572942000.00,3.9400,3.9700,2939723000.00,174258000.00,3322848000.00,1617409000.00,1893544000.00,3510953000.00,4759440000.00,4759440000.00
2020-12-31 00:00:00,PLD,3608964000.00,2046995000.00,2.0100,2.0200,1481814000.00,130458000.00,1747088000.00,1401807000.00,1866824000.00,3268631000.00,4438735000.00,4438735000.00
2019-12-31 00:00:00,PLD,,,,,,,,,,,,
2023-12-31 00:00:00,PEG,5093000000.00,3769000000.00,5.1260,5.1300,2563000000.00,518000000.00,3081000000.00,3474000000.00,1353000000.00,4827000000.00,11237000000.00,11237000000.00
2022-12-31 00:00:00,PEG,2848000000.00,1565000000.00,2.0579,2.0600,1031000000.00,-29000000.00,1002000000.00,1853000000.00,751000000.00,2604000000.00,9800000000.00,9800000000.00
2021-12-31 00:00:00,PEG,814000000.00,-589000000.00,-1.2900,-1.2900,-648000000.00,-441000000.00,-1089000000.00,2090000000.00,907000000.00,2997000000.00,9722000000.00,9722000000.00
2020-12-31 00:00:00,PEG,4283000000.00,2814000000.00,3.7600,3.7600,1905000000.00,396000000.00,2301000000.00,2111000000.00,1321000000.00,3432000000.00,9603000000.00,9603000000.00
2019-12-31 00:00:00,PEG,,,,,,,,,,,,
2023-09-30 00:00:00,PTC,599145000.00,461983000.00,2.0600,2.0700,245540000.00,87026000.00,332566000.00,458014000.00,1198033000.00,1656047000.00,2097053000.00,2097053000.00
2022-09-30 00:00:00,PTC,573406000.00,451366000.00,2.6500,2.6700,313081000.00,84017000.00,397098000.00,478496000.00,1068871000.00,1547367000.00,1933347000.00,1933347000.00
2021-09-30 00:00:00,PTC,564767000.00,442233000.00,4.0300,4.0800,476923000.00,-85168000.00,391755000.00,382959000.00,1053098000.00,1436057000.00,1807159000.00,1807159000.00
2020-09-30 00:00:00,PTC,330638000.00,211134000.00,1.1200,1.1300,130695000.00,4011000.00,134706000.00,243579000.00,880565000.00,1124144000.00,1458415000.00,1458415000.00
2023-12-31 00:00:00,PSA,3342129000.00,2372073000.00,11.0600,11.1100,2148327000.00,10821000.00,2170941000.00,2319056000.00,1050688000.00,3369744000.00,4517690000.00,4517690000.00
2022-12-31 00:00:00,PSA,5405065000.00,4516919000.00,23.5000,23.6400,4349147000.00,14326000.00,4380600000.00,2169438000.00,959818000.00,3129256000.00,4182163000.00,4182163000.00
2021-12-31 00:00:00,PSA,2776206000.00,2062778000.00,9.8700,9.9100,1953263000.00,12365000.00,1972004000.00,1705832000.00,789394000.00,2495226000.00,3415824000.00,3415824000.00
2020-12-31 00:00:00,PSA,1970767000.00,1417510000.00,6.2900,6.2900,1357213000.00,,1361227000.00,1411150000.00,636456000.00,2047606000.00,2915068000.00,2915068000.00
2019-12-31 00:00:00,PSA,,,,,,,,,,,,
2023-12-31 00:00:00,PHM,3530560000.00,3449736000.00,11.7200,11.7900,2602372000.00,846895000.00,3449267000.00,3396305000.00,1323180000.00,4719485000.00,16061578000.00,16061578000.00
2022-12-31 00:00:00,PHM,3510760000.00,3439842000.00,11.0100,11.0700,2617317000.00,822241000.00,3439558000.00,3442158000.00,1392340000.00,4834498000.00,16002979000.00,16002979000.00
2021-12-31 00:00:00,PHM,2580300000.00,2510347000.00,7.4300,7.4400,1946320000.00,563525000.00,2509845000.00,2557222000.00,1225200000.00,3782422000.00,13736995000.00,13736995000.00
2020-12-31 00:00:00,PHM,1799023000.00,1732942000.00,5.1800,5.1900,1406839000.00,321855000.00,1728694000.00,1747025000.00,1031127000.00,2778152000.00,11036082000.00,11036082000.00
2019-12-31 00:00:00,PHM,,,,,,,,,,,,
2024-03-31 00:00:00,QRVO,463738000.00,142805000.00,-0.7200,-0.7200,-70322000.00,143882000.00,73560000.00,313115000.00,1175380000.00,1488495000.00,3769506000.00,3769506000.00
2023-03-31 00:00:00,QRVO,531940000.00,193092000.00,1.0000,1.0327,103152000.00,21477000.00,124629000.00,195579000.00,1101363000.00,1296942000.00,3569399000.00,3569399000.00
2022-03-31 00:00:00,QRVO,1605825000.00,1244410000.00,9.2600,9.5300,1033353000.00,147731000.00,1181084000.00,1274069000.00,1012099000.00,2286168000.00,4645714000.00,4645714000.00
2021-03-31 00:00:00,QRVO,1338682000.00,882578000.00,6.3200,6.4771,733611000.00,73769000.00,807380000.00,906627000.00,976939000.00,1883566000.00,4015307000.00,4015307000.00
2020-03-31 00:00:00,QRVO,,,,,,,,,,,,
2023-12-31 00:00:00,PWR,1770669000.00,1156869000.00,5.0000,5.1300,744689000.00,219267000.00,969956000.00,1092935000.00,1844151000.00,2937086000.00,20882206000.00,20882206000.00
2022-12-31 00:00:00,PWR,1472869000.00,828249000.00,3.3200,3.4200,491189000.00,192243000.00,703886000.00,838471000.00,1690684000.00,2529155000.00,17073903000.00,17073903000.00
2021-12-31 00:00:00,PWR,1112695000.00,691800000.00,3.3400,3.4500,485956000.00,130918000.00,622901000.00,631937000.00,1321322000.00,1953259000.00,12980213000.00,12980213000.00
2020-12-31 00:00:00,PWR,918319000.00,616359000.00,3.0700,3.1500,445596000.00,119387000.00,571346000.00,609069000.00,1051778000.00,1660847000.00,11202672000.00,11202672000.00
2019-12-31 00:00:00,PWR,,,,,,,,,,,,
2024-08-31 00:00:00,WBA,-11278000000.00,-13737000000.00,,,-8636000000.00,1246000000.00,-14219000000.00,-1589000000.00,28113000000.00,26524000000.00,147658000000.00,147658000000.00
2023-09-30 00:00:00,QCOM,9946000000.00,8137000000.00,6.4200,6.4700,7232000000.00,104000000.00,7443000000.00,7788000000.00,12163000000.00,19951000000.00,35820000000.00,35820000000.00
2022-09-30 00:00:00,QCOM,17250000000.00,15488000000.00,11.3700,11.5200,12936000000.00,2012000000.00,14998000000.00,15860000000.00,9705000000.00,25565000000.00,44200000000.00,44200000000.00
2021-09-30 00:00:00,QCOM,12415000000.00,10833000000.00,7.8700,7.9900,9043000000.00,1231000000.00,10274000000.00,9789000000.00,9515000000.00,19304000000.00,33566000000.00,33566000000.00
2020-09-30 00:00:00,QCOM,7714000000.00,6321000000.00,4.5200,4.5800,5198000000.00,521000000.00,5719000000.00,6255000000.00,8021000000.00,14276000000.00,23531000000.00,23531000000.00
2023-12-31 00:00:00,DGX,1732000000.00,1293000000.00,7.4900,7.5900,854000000.00,248000000.00,1130000000.00,1262000000.00,1791000000.00,3053000000.00,9252000000.00,9252000000.00
2022-12-31 00:00:00,DGX,1820000000.00,1383000000.00,7.9700,8.1000,946000000.00,264000000.00,1235000000.00,1428000000.00,2005000000.00,3433000000.00,9883000000.00,9883000000.00
2021-12-31 00:00:00,DGX,3159000000.00,2751000000.00,15.5500,15.8500,1995000000.00,597000000.00,2599000000.00,2381000000.00,1828000000.00,4209000000.00,10788000000.00,10788000000.00
2020-12-31 00:00:00,DGX,2411000000.00,2050000000.00,10.4700,10.6200,1431000000.00,460000000.00,1884000000.00,1971000000.00,1662000000.00,3633000000.00,9437000000.00,9437000000.00
2019-12-31 00:00:00,DGX,,,,,,,,,,,,
2024-03-31 00:00:00,RL,1048600000.00,819600000.00,9.7100,9.9100,646300000.00,131100000.00,777400000.00,812200000.00,3619600000.00,4431800000.00,6631400000.00,6631400000.00
2023-03-31 00:00:00,RL,952800000.00,732300000.00,7.5800,7.7200,522700000.00,169200000.00,691900000.00,733100000.00,3432700000.00,4165800000.00,6443600000.00,6443600000.00
2022-03-31 00:00:00,RL,1038300000.00,808600000.00,8.0700,8.2200,600100000.00,154500000.00,754600000.00,823700000.00,3323800000.00,4147500000.00,6218500000.00,6218500000.00
2021-03-31 00:00:00,RL,221300000.00,-26300000.00,-1.6500,-1.6500,-121100000.00,46300000.00,-74800000.00,211500000.00,2649900000.00,2861400000.00,4400800000.00,4400800000.00
2020-03-31 00:00:00,RL,,,,,,,,,,,,
2023-12-31 00:00:00,RTX,9700000000.00,5489000000.00,2.2300,2.2400,3195000000.00,456000000.00,3836000000.00,5341000000.00,6748000000.00,12089000000.00,68920000000.00,68920000000.00
2022-12-31 00:00:00,RTX,11525000000.00,7417000000.00,3.5000,3.5200,5197000000.00,790000000.00,6117000000.00,7393000000.00,6275000000.00,13668000000.00,67074000000.00,67074000000.00
2021-12-31 00:00:00,RTX,10996000000.00,6439000000.00,2.5600,2.5700,3864000000.00,964000000.00,5109000000.00,7080000000.00,5411000000.00,12491000000.00,64388000000.00,64388000000.00
2020-12-31 00:00:00,RTX,3211000000.00,-945000000.00,-2.5900,-2.5900,-3519000000.00,575000000.00,-2353000000.00,1294000000.00,7237000000.00,8531000000.00,56587000000.00,56587000000.00
2019-12-31 00:00:00,RTX,,,,,,,,,,,,
2023-12-31 00:00:00,O,3603157000.00,1707980000.00,1.2600,1.2600,872309000.00,52021000.00,928935000.00,1722316000.00,2039713000.00,3762029000.00,4078993000.00,3958150000.00
2022-12-31 00:00:00,O,3110047000.00,1439658000.00,1.4200,1.4200,869408000.00,45183000.00,917599000.00,1308503000.00,1808848000.00,3117351000.00,3343681000.00,3299657000.00
2021-12-31 00:00:00,O,1849878000.00,952043000.00,0.8700,0.8700,359456000.00,31657000.00,392404000.00,952043000.00,994815000.00,1946858000.00,2080463000.00,2064958000.00
2020-12-31 00:00:00,O,1381947000.00,704909000.00,1.1400,1.1500,395486000.00,14693000.00,411199000.00,792231000.00,750253000.00,1542484000.00,1647087000.00,1639533000.00
2019-12-31 00:00:00,O,,,,,,,,,,,,
2023-12-31 00:00:00,REG,878925000.00,526643000.00,2.0400,2.0400,364557000.00,,370867000.00,468150000.00,459547000.00,927697000.00,1322466000.00,1322466000.00
2022-12-31 00:00:00,REG,954427000.00,634730000.00,2.8100,2.8294,482865000.00,,488035000.00,472313000.00,405766000.00,878079000.00,1224022000.00,1224022000.00
2021-12-31 00:00:00,REG,814975000.00,511644000.00,2.1162,2.1162,361411000.00,,366288000.00,452179000.00,387300000.00,839479000.00,1166161000.00,1152572000.00
2020-12-31 00:00:00,REG,547166000.00,201266000.00,0.2600,0.2653,44889000.00,,47317000.00,269555000.00,433543000.00,703098000.00,1016175000.00,1016175000.00
2019-12-31 00:00:00,REG,,,,,,0.00,,,,,,
2023-12-31 00:00:00,REGN,4693300000.00,4272300000.00,34.7700,37.0500,3953600000.00,245700000.00,4199300000.00,4233200000.00,7068200000.00,11301400000.00,13117200000.00,12581100000.00
2022-12-31 00:00:00,REGN,5259600000.00,4918200000.00,38.2200,40.5100,4338400000.00,520400000.00,4858800000.00,4994000000.00,5618500000.00,10612500000.00,12172900000.00,11807800000.00
2021-12-31 00:00:00,REGN,9669300000.00,9383100000.00,71.9700,76.4000,8075300000.00,1250500000.00,9325800000.00,8994800000.00,4639400000.00,13634200000.00,16071700000.00,15790500000.00
2020-12-31 00:00:00,REGN,4103200000.00,3867300000.00,30.5200,32.6500,3513200000.00,297200000.00,3810400000.00,3576600000.00,3800600000.00,7377200000.00,8497100000.00,7940100000.00
2023-12-31 00:00:00,RSG,4299000000.00,2699700000.00,5.4700,5.4700,1731000000.00,460100000.00,2191500000.00,2847800000.00,3174500000.00,6022300000.00,14964500000.00,14322600000.00
2022-12-31 00:00:00,RSG,3668300000.00,2227100000.00,4.6900,4.7000,1487600000.00,343900000.00,1831500000.00,2487800000.00,2818500000.00,5306300000.00,13511300000.00,12826000000.00
2021-12-31 00:00:00,RSG,3157900000.00,1889700000.00,4.0400,4.0500,1290400000.00,282800000.00,1575100000.00,2093300000.00,2464000000.00,4557300000.00,11295000000.00,10600500000.00
2020-12-31 00:00:00,RSG,2657100000.00,1498300000.00,3.0200,3.0300,967200000.00,173100000.00,1142700000.00,1841300000.00,2211800000.00,4053100000.00,10153600000.00,9627000000.00
2019-12-31 00:00:00,RSG,,,,,,,,,,,,
2024-06-30 00:00:00,RMD,1526715000.00,1310506000.00,,,1020951000.00,243847000.00,1264798000.00,1384121000.00,1271182000.00,2655303000.00,4685297000.00,4685297000.00
2023-06-30 00:00:00,RMD,1346605000.00,1149043000.00,6.0900,6.1200,897556000.00,204108000.00,1101664000.00,1151997000.00,1203665000.00,2355662000.00,4222993000.00,4222993000.00
2022-06-30 00:00:00,RMD,1176636000.00,982795000.00,5.3000,5.3400,779437000.00,181046000.00,960483000.00,1002150000.00,1022161000.00,2024311000.00,3578127000.00,3578127000.00
2021-06-30 00:00:00,RMD,1103869000.00,912351000.00,3.2400,3.2700,474505000.00,409157000.00,883662000.00,912351000.00,926749000.00,1839100000.00,3196825000.00,3196825000.00
2020-06-30 00:00:00,RMD,,,4.2700,4.3100,,,,,,,,
2023-12-31 00:00:00,RVTY,713558000.00,281789000.00,5.5500,5.5600,693094000.00,3473000.00,182976000.00,300562000.00,1239129000.00,1539691000.00,2750571000.00,2750571000.00
2022-12-31 00:00:00,RVTY,1182792000.00,755792000.00,4.5800,4.5852,569179000.00,139161000.00,651837000.00,742699000.00,1247131000.00,1989830000.00,3311822000.00,3311822000.00
2021-12-31 00:00:00,RVTY,1617153000.00,1305710000.00,7.3863,7.3863,943157000.00,314146000.00,1203582000.00,1258457000.00,1175530000.00,2433987000.00,3827808000.00,3827808000.00
2020-12-31 00:00:00,RVTY,1051432000.00,849784000.00,6.4900,6.5005,727887000.00,169512000.00,800072000.00,867273000.00,862906000.00,1730179000.00,2663230000.00,2663230000.00
2019-12-31 00:00:00,RVTY,,,,,,,,,,,,
2023-09-30 00:00:00,ROK,1994200000.00,1743800000.00,11.9500,12.0854,1278000000.00,330500000.00,1608500000.00,1693300000.00,2023700000.00,3717000000.00,9058000000.00,9058000000.00
2022-09-30 00:00:00,ROK,1435700000.00,1196800000.00,7.9700,7.9783,919100000.00,154500000.00,1073600000.00,1335300000.00,1766700000.00,3102000000.00,7760400000.00,7760400000.00
2021-09-30 00:00:00,ROK,1810600000.00,1620800000.00,11.5800,11.7078,1344300000.00,181900000.00,1526200000.00,1217700000.00,1680000000.00,2897700000.00,6997400000.00,6997400000.00
2020-09-30 00:00:00,ROK,1412300000.00,1239600000.00,8.7700,8.8055,1023400000.00,112900000.00,1136100000.00,1115400000.00,1479800000.00,2595200000.00,6329800000.00,6329800000.00
2023-12-31 00:00:00,ROL,705064000.00,605312000.00,0.8900,0.8900,434957000.00,151300000.00,586257000.00,588422000.00,1014985000.00,1603407000.00,3073278000.00,3073278000.00
2022-12-31 00:00:00,ROL,592881000.00,501555000.00,0.7500,0.7500,368599000.00,130318000.00,498917000.00,493388000.00,894036000.00,1387424000.00,2695823000.00,2695823000.00
2021-12-31 00:00:00,ROL,569873000.00,483315000.00,0.7100,0.7100,356565000.00,125920000.00,482485000.00,447636000.00,814047000.00,1261683000.00,2424300000.00,2424300000.00
2020-12-31 00:00:00,ROL,447129000.00,367798000.00,0.5300,0.5300,266756000.00,95960000.00,362716000.00,376088000.00,736540000.00,1112628000.00,2161220000.00,2161220000.00
2019-12-31 00:00:00,ROL,,,,,,,,,,,,
2023-12-31 00:00:00,ROP,2663000000.00,1907800000.00,12.8900,12.9800,1384200000.00,374700000.00,1743100000.00,1745200000.00,2562000000.00,4307200000.00,6177800000.00,6177800000.00
2022-12-31 00:00:00,ROP,2124500000.00,1474400000.00,42.5500,42.9200,4544700000.00,296400000.00,1282000000.00,1524500000.00,2228300000.00,3752800000.00,5371800000.00,5371800000.00
2021-12-31 00:00:00,ROP,1881700000.00,1265800000.00,10.8200,10.9500,1152600000.00,226600000.00,1031900000.00,1335600000.00,2072000000.00,3407600000.00,4833800000.00,4833800000.00
2020-12-31 00:00:00,ROP,1571400000.00,1079800000.00,8.9800,9.0800,949700000.00,187500000.00,861300000.00,1082900000.00,1745400000.00,2828300000.00,4022400000.00,4022400000.00
2024-01-31 00:00:00,ROST,2965302000.00,2545870000.00,5.5600,5.5900,1874520000.00,597261000.00,2471781000.00,2307663000.00,3267677000.00,5575340000.00,20376941000.00,20376941000.00
2023-01-31 00:00:00,ROST,2462692000.00,2068037000.00,4.3800,4.4000,1512041000.00,475448000.00,1987489000.00,1990331000.00,2759268000.00,4749599000.00,18695829000.00,18695829000.00
2022-01-31 00:00:00,ROST,2694365000.00,2333701000.00,4.8700,4.9000,1722589000.00,535951000.00,2258540000.00,2332868000.00,2874469000.00,5207337000.00,18916244000.00,18916244000.00
2021-01-31 00:00:00,ROST,558606000.00,194361000.00,0.2400,0.2400,85382000.00,20915000.00,106297000.00,189710000.00,2503281000.00,2692991000.00,12531565000.00,12531565000.00
2023-12-31 00:00:00,SPGI,5148000000.00,4005000000.00,8.2300,8.2500,2626000000.00,778000000.00,3671000000.00,4054000000.00,4302000000.00,8356000000.00,12497000000.00,12497000000.00
2022-12-31 00:00:00,SPGI,6019000000.00,5006000000.00,10.2000,10.2500,3248000000.00,1180000000.00,4702000000.00,3019000000.00,4409000000.00,7428000000.00,11181000000.00,11181000000.00
2021-12-31 00:00:00,SPGI,4461000000.00,4283000000.00,12.5100,12.5600,3024000000.00,901000000.00,4164000000.00,4210000000.00,1907000000.00,6117000000.00,8297000000.00,8297000000.00
2020-12-31 00:00:00,SPGI,3575000000.00,3369000000.00,9.6600,9.7100,2339000000.00,694000000.00,3228000000.00,3601000000.00,1747000000.00,5348000000.00,7442000000.00,7442000000.00
2019-12-31 00:00:00,SPGI,,,,,,,,,,,,
2024-01-31 00:00:00,CRM,9958000000.00,5999000000.00,4.2000,4.2500,4136000000.00,814000000.00,4950000000.00,5999000000.00,20317000000.00,26316000000.00,34857000000.00,34857000000.00
2023-01-31 00:00:00,CRM,5644000000.00,1858000000.00,0.2100,0.2100,208000000.00,452000000.00,660000000.00,1858000000.00,21134000000.00,22992000000.00,31352000000.00,31352000000.00
2022-01-31 00:00:00,CRM,3846000000.00,548000000.00,1.4800,1.5100,1444000000.00,88000000.00,1532000000.00,548000000.00,18918000000.00,19466000000.00,26492000000.00,26492000000.00
2021-01-31 00:00:00,CRM,3301000000.00,455000000.00,4.3800,4.4800,4072000000.00,-1511000000.00,2561000000.00,455000000.00,15359000000.00,15814000000.00,21252000000.00,21252000000.00
2020-01-31 00:00:00,CRM,,,,,,,,,,,,
2023-12-31 00:00:00,SBAC,1701053000.00,984744000.00,4.6100,4.6400,501812000.00,51088000.00,548503000.00,1114717000.00,984245000.00,2098962000.00,2711584000.00,2711584000.00
2022-12-31 00:00:00,SBAC,1633312000.00,925736000.00,4.2200,4.2700,461429000.00,66044000.00,525843000.00,995375000.00,969429000.00,1964804000.00,2633454000.00,2633454000.00
2021-12-31 00:00:00,SBAC,1352729000.00,652568000.00,2.1400,2.1700,237624000.00,14940000.00,252564000.00,843160000.00,920190000.00,1763350000.00,2308834000.00,2308834000.00
2020-12-31 00:00:00,SBAC,1096965000.00,374995000.00,0.2100,0.2200,24104000.00,-41796000.00,-17749000.00,690373000.00,916237000.00,1606610000.00,2083138000.00,2083138000.00
2019-12-31 00:00:00,SBAC,,,,,,,,,,,,
2023-12-31 00:00:00,SLB,7544000000.00,5785000000.00,2.9100,2.9495,4203000000.00,1007000000.00,5282000000.00,5488000000.00,1075000000.00,6563000000.00,33135000000.00,33135000000.00
2022-12-31 00:00:00,SLB,6430000000.00,4761000000.00,2.3900,2.4301,3441000000.00,779000000.00,4271000000.00,4151000000.00,1010000000.00,5161000000.00,28091000000.00,28091000000.00
2021-12-31 00:00:00,SLB,4617000000.00,2913000000.00,1.3200,1.3436,1881000000.00,446000000.00,2374000000.00,2765000000.00,893000000.00,3658000000.00,22929000000.00,22929000000.00
2020-12-31 00:00:00,SLB,-8739000000.00,-10735000000.00,-7.5700,-7.5669,-10518000000.00,-812000000.00,-11298000000.00,1656000000.00,945000000.00,2601000000.00,23601000000.00,23601000000.00
2019-12-31 00:00:00,SLB,,,,,,,,,,,,
2024-06-30 00:00:00,STX,1041000000.00,777000000.00,,,335000000.00,110000000.00,445000000.00,422000000.00,1114000000.00,1536000000.00,6551000000.00,6551000000.00
2023-06-30 00:00:00,STX,330000000.00,-183000000.00,-2.5600,-2.5600,-529000000.00,33000000.00,-496000000.00,60000000.00,1291000000.00,1351000000.00,7384000000.00,7384000000.00
2022-06-30 00:00:00,STX,2379000000.00,1928000000.00,7.3600,7.5000,1649000000.00,30000000.00,1679000000.00,1958000000.00,1511000000.00,3469000000.00,11661000000.00,11661000000.00
2021-06-30 00:00:00,STX,1965000000.00,1568000000.00,5.3600,5.4300,1314000000.00,34000000.00,1348000000.00,1500000000.00,1417000000.00,2917000000.00,10681000000.00,10681000000.00
2020-06-30 00:00:00,STX,,,3.7900,3.8300,,,,,,,,
2023-12-31 00:00:00,SRE,6163000000.00,3936000000.00,4.7900,4.8100,3075000000.00,490000000.00,2627000000.00,3715000000.00,2904000000.00,6619000000.00,16720000000.00,16720000000.00
2022-12-31 00:00:00,SRE,4416000000.00,2397000000.00,3.3100,3.3250,2139000000.00,556000000.00,1343000000.00,2557000000.00,2654000000.00,5211000000.00,14439000000.00,14439000000.00
2021-12-31 00:00:00,SRE,3272000000.00,1417000000.00,2.0050,2.0150,1318000000.00,99000000.00,219000000.00,2847000000.00,2451000000.00,5298000000.00,12857000000.00,12857000000.00
2020-12-31 00:00:00,SRE,4236000000.00,2570000000.00,6.4400,6.4650,3933000000.00,249000000.00,1489000000.00,2832000000.00,2209000000.00,5041000000.00,11370000000.00,11370000000.00
2019-12-31 00:00:00,SRE,,,,,,,,,,,,
2023-12-31 00:00:00,NOW,1594000000.00,1032000000.00,8.4200,8.4800,1731000000.00,-723000000.00,1008000000.00,762000000.00,6288000000.00,7050000000.00,8971000000.00,8971000000.00
2022-12-31 00:00:00,NOW,859000000.00,426000000.00,1.6000,1.6100,325000000.00,74000000.00,399000000.00,355000000.00,5317000000.00,5672000000.00,7245000000.00,7245000000.00
2021-12-31 00:00:00,NOW,729000000.00,257000000.00,1.1300,1.1600,230000000.00,19000000.00,249000000.00,257000000.00,4286000000.00,4543000000.00,5896000000.00,5896000000.00
2020-12-31 00:00:00,NOW,519000000.00,183000000.00,0.5900,0.6100,119000000.00,31000000.00,150000000.00,199000000.00,3333000000.00,3532000000.00,4519000000.00,4519000000.00
2019-12-31 00:00:00,NOW,,,,,,,,,,,,
2023-12-31 00:00:00,SHW,4149900000.00,3527400000.00,9.2500,9.3500,2388800000.00,721100000.00,3109900000.00,3627500000.00,7130600000.00,10758100000.00,23051900000.00,23051900000.00
2022-12-31 00:00:00,SHW,3545000000.00,2963900000.00,7.7200,7.8300,2020100000.00,553000000.00,2573100000.00,2996600000.00,6328500000.00,9325100000.00,22148900000.00,22148900000.00
2021-12-31 00:00:00,SHW,3155900000.00,2583300000.00,6.9800,7.1000,1864400000.00,384200000.00,2248600000.00,2660300000.00,5882400000.00,8542700000.00,19944600000.00,19944600000.00
2020-12-31 00:00:00,SHW,3441000000.00,2859600000.00,7.3600,7.4833,2030400000.00,488800000.00,2519200000.00,2849300000.00,5833300000.00,8682600000.00,18361700000.00,18361700000.00
2019-12-31 00:00:00,SHW,,,,,,,,,,,,
2023-12-31 00:00:00,SPG,4887124000.00,3553540000.00,6.9800,6.9800,2283126000.00,81874000.00,2698892000.00,2807022000.00,1823428000.00,4630450000.00,5658836000.00,5290330000.00
2022-12-31 00:00:00,SPG,4589263000.00,3297150000.00,6.5200,6.5200,2139535000.00,83512000.00,2535897000.00,2583553000.00,1706940000.00,4290493000.00,5291447000.00,5022079000.00
2021-12-31 00:00:00,SPG,4847513000.00,3521618000.00,6.8400,6.8400,2249631000.00,157199000.00,2725906000.00,2413190000.00,1732535000.00,4145725000.00,5116789000.00,4843202000.00
2020-12-31 00:00:00,SPG,3412078000.00,2057087000.00,3.5900,3.5900,1112564000.00,-4637000.00,1272687000.00,1971809000.00,1748540000.00,3720349000.00,4607503000.00,4399249000.00
2019-12-31 00:00:00,SPG,,,,,,,,,,,,
2023-09-30 00:00:00,SWKS,1756900000.00,1143200000.00,6.1300,6.1700,982800000.00,96000000.00,1078800000.00,1153300000.00,954000000.00,2107300000.00,4772400000.00,4772400000.00
2022-09-30 00:00:00,SWKS,2214600000.00,1524500000.00,7.8100,7.8500,1275200000.00,201400000.00,1476600000.00,1557700000.00,1046600000.00,2604300000.00,5485500000.00,5485500000.00
2021-09-30 00:00:00,SWKS,2048800000.00,1612100000.00,8.9700,9.0700,1498300000.00,100400000.00,1598700000.00,1621600000.00,890800000.00,2512400000.00,5109100000.00,5109100000.00
2020-09-30 00:00:00,SWKS,1256000000.00,891700000.00,4.8000,4.8400,814800000.00,76900000.00,891700000.00,905600000.00,707300000.00,1612900000.00,3355700000.00,3355700000.00
2024-04-30 00:00:00,SJM,1691500000.00,1260700000.00,7.1300,7.1400,744000000.00,252400000.00,996400000.00,1448900000.00,1666500000.00,3115400000.00,8178700000.00,8178700000.00
2023-04-30 00:00:00,SJM,573800000.00,142800000.00,-0.8600,-0.8600,-91300000.00,82100000.00,-9200000.00,1180700000.00,1621100000.00,2801800000.00,8529200000.00,8529200000.00
2022-04-30 00:00:00,SJM,1463800000.00,1004700000.00,5.8300,5.8400,631700000.00,212100000.00,843800000.00,1172600000.00,1528100000.00,2700700000.00,7998900000.00,7998900000.00
2021-04-30 00:00:00,SJM,1801500000.00,1349000000.00,7.7900,7.7900,876300000.00,295600000.00,1171900000.00,1386000000.00,1752700000.00,3138700000.00,8002700000.00,8002700000.00
2023-12-31 00:00:00,SW,2064886972.86,1362958050.07,3.2189,3.2443,837893107.83,327198364.01,1166196871.72,1550876029.40,2635273310.12,4186149339.52,12460067429.39,12460067429.39
2022-12-31 00:00:00,SW,2231659320.74,1556048858.43,3.8799,3.9175,1012343295.91,373194350.61,1386610044.08,1782324743.43,2574826539.69,4357151283.12,13742774721.44,13742774721.44
2021-12-31 00:00:00,SW,1804759855.98,1178641788.00,2.9562,2.9879,768777880.94,264939652.63,1033717533.57,1214872851.61,2285953669.53,3500826521.14,11443354996.49,11443354996.49
2020-12-31 00:00:00,SW,1777280330.61,1092197185.87,2.7760,2.8031,670323723.31,247220308.96,920003935.85,1134015546.59,2400865886.06,3534881432.65,10491488733.64,10491488733.64
2019-12-31 00:00:00,SW,,,,,,,,,,,,
2023-12-31 00:00:00,SNA,1477200000.00,1377900000.00,18.7600,19.1100,1011100000.00,293400000.00,1328000000.00,1310400000.00,1309200000.00,2619600000.00,5108300000.00,5081300000.00
2022-12-31 00:00:00,SNA,1349900000.00,1249700000.00,16.8200,17.1400,911700000.00,268700000.00,1202600000.00,1207200000.00,1239900000.00,2447100000.00,4842500000.00,4818300000.00
2021-12-31 00:00:00,SNA,1244800000.00,1140000000.00,14.9200,15.2200,820500000.00,247000000.00,1086900000.00,1123500000.00,1259300000.00,2382800000.00,4601700000.00,4601700000.00
2020-12-31 00:00:00,SNA,985900000.00,889200000.00,11.4400,11.5500,627000000.00,189100000.00,835200000.00,880500000.00,1116600000.00,1997100000.00,3942200000.00,3919000000.00
2023-12-31 00:00:00,SOLV,2041000000.00,1480000000.00,4.0100,4.0100,692000000.00,218000000.00,910000000.00,1480000000.00,3080000000.00,4560000000.00,8241000000.00,8241000000.00
2022-12-31 00:00:00,SOLV,2271000000.00,1693000000.00,7.7870,7.7870,1343000000.00,349000000.00,1692000000.00,1693000000.00,3002000000.00,4695000000.00,8130000000.00,8130000000.00
2021-12-31 00:00:00,SOLV,2476000000.00,1879000000.00,8.4654,8.4654,1460000000.00,422000000.00,1882000000.00,1879000000.00,3044000000.00,4923000000.00,8171000000.00,8171000000.00
2020-12-31 00:00:00,SOLV,2029000000.00,1430000000.00,6.5984,6.5984,1138000000.00,302000000.00,1440000000.00,1430000000.00,2885000000.00,4315000000.00,7281000000.00,7281000000.00
2023-12-31 00:00:00,SO,11777000000.00,6791000000.00,3.6200,3.6400,3976000000.00,496000000.00,4345000000.00,5826000000.00,5882000000.00,11708000000.00,25253000000.00,24304000000.00
2022-12-31 00:00:00,SO,10309000000.00,6245000000.00,3.2600,3.2800,3535000000.00,795000000.00,4223000000.00,5621000000.00,5257000000.00,10878000000.00,29279000000.00,28547000000.00
2021-12-31 00:00:00,SO,8386000000.00,4413000000.00,2.2600,2.2600,2408000000.00,267000000.00,2576000000.00,3700000000.00,6547000000.00,10247000000.00,23113000000.00,22405000000.00
2020-12-31 00:00:00,SO,9222000000.00,5317000000.00,2.9500,2.9500,3134000000.00,393000000.00,3496000000.00,4820000000.00,5077000000.00,9897000000.00,20375000000.00,19694000000.00
2019-12-31 00:00:00,SO,,,,,,,,,,,,
2023-12-31 00:00:00,LUV,2391000000.00,869000000.00,0.7600,0.7800,465000000.00,168000000.00,633000000.00,224000000.00,3999000000.00,4223000000.00,26091000000.00,23812000000.00
2022-12-31 00:00:00,LUV,2380000000.00,1029000000.00,0.8700,0.9100,539000000.00,189000000.00,728000000.00,1017000000.00,3735000000.00,4752000000.00,23814000000.00,21585000000.00
2021-12-31 00:00:00,LUV,3028000000.00,1756000000.00,1.6100,1.6500,977000000.00,348000000.00,1325000000.00,1721000000.00,2394000000.00,4115000000.00,15790000000.00,14253000000.00
2020-12-31 00:00:00,LUV,-2687000000.00,-3942000000.00,-5.4400,-5.4400,-3074000000.00,-1182000000.00,-4256000000.00,-3816000000.00,1926000000.00,-1890000000.00,9048000000.00,7826000000.00
2023-12-31 00:00:00,SWK,808800000.00,183700000.00,-2.0700,-2.0700,-310500000.00,-94000000.00,-375700000.00,641900000.00,3290700000.00,3932600000.00,15781100000.00,15781100000.00
2022-12-31 00:00:00,SWK,948600000.00,376400000.00,6.7600,7.1300,1062500000.00,-132400000.00,37900000.00,914100000.00,3370000000.00,4284100000.00,16947400000.00,16947400000.00
2021-12-31 00:00:00,SWK,2349400000.00,1772300000.00,10.1600,10.5500,1689200000.00,55100000.00,1586900000.00,1899100000.00,3193100000.00,5092200000.00,15281300000.00,15281300000.00
2020-12-31 00:00:00,SWK,2020500000.00,1442400000.00,7.7700,7.8500,1233800000.00,43000000.00,1219800000.00,1776900000.00,2628500000.00,4405400000.00,13057700000.00,13057700000.00
2019-12-31 00:00:00,SWK,,,,,,,,,,,,
2023-09-30 00:00:00,SBUX,7402300000.00,5952000000.00,3.5800,3.6000,4124500000.00,1277200000.00,5401900000.00,5502900000.00,4343300000.00,9846200000.00,35975600000.00,33975000000.00
2022-09-30 00:00:00,SBUX,6244200000.00,4714800000.00,2.8300,2.8600,3281600000.00,948500000.00,4231900000.00,4429700000.00,3941400000.00,8371100000.00,32250300000.00,30231600000.00
2021-09-30 00:00:00,SBUX,7350800000.00,5826700000.00,3.5400,3.5614,4199300000.00,1156600000.00,5356900000.00,4657200000.00,3733800000.00,8391000000.00,29060600000.00,27290600000.00
2020-09-30 00:00:00,SBUX,3104600000.00,1601400000.00,0.7900,0.7912,928300000.00,239700000.00,1164400000.00,1517900000.00,3541200000.00,5059100000.00,23518000000.00,21491700000.00
2023-12-31 00:00:00,STLD,3733231000.00,3295427000.00,14.6400,14.7200,2450882000.00,751611000.00,3218943000.00,3423214000.00,622669000.00,4045883000.00,18795316000.00,18795316000.00
2022-12-31 00:00:00,STLD,5496809000.00,5112607000.00,20.9200,21.0600,3862674000.00,1141577000.00,5021069000.00,5544373000.00,573458000.00,6117831000.00,22260774000.00,22260774000.00
2021-12-31 00:00:00,STLD,4613932000.00,4266279000.00,15.5600,15.6700,3214066000.00,962256000.00,4209070000.00,4689216000.00,673208000.00,5362424000.00,18408850000.00,18408850000.00
2020-12-31 00:00:00,STLD,1126144000.00,800355000.00,2.5900,2.6100,550822000.00,134650000.00,705478000.00,928279000.00,506449000.00,1434728000.00,9601482000.00,9601482000.00
2019-12-31 00:00:00,STLD,,,,,,,,,,,,
2024-03-31 00:00:00,STE,1412405000.00,847161000.00,3.8100,3.8300,378239000.00,149530000.00,702810000.00,862163000.00,1355997000.00,2218160000.00,5138701000.00,5138701000.00
2023-03-31 00:00:00,STE,1343998000.00,791101000.00,1.0700,1.0700,107030000.00,124069000.00,680266000.00,791586000.00,1189140000.00,1980726000.00,4536266000.00,4536266000.00
2022-03-31 00:00:00,STE,1009397000.00,456293000.00,2.4800,2.5000,243888000.00,82344000.00,366803000.00,477863000.00,1405144000.00,1883007000.00,4223403000.00,4223403000.00
2021-03-31 00:00:00,STE,773950000.00,554713000.00,4.6300,4.6600,397400000.00,120663000.00,517533000.00,545454000.00,797646000.00,1343100000.00,3107519000.00,3107519000.00
2020-03-31 00:00:00,STE,,,,,,,,,,,,
2023-12-31 00:00:00,SYK,4934000000.00,3906000000.00,8.2500,8.3400,3165000000.00,508000000.00,3673000000.00,3906000000.00,9152000000.00,13058000000.00,20498000000.00,20498000000.00
2022-12-31 00:00:00,SYK,4040000000.00,3042000000.00,6.1700,6.2300,2358000000.00,325000000.00,2683000000.00,3042000000.00,8536000000.00,11578000000.00,18449000000.00,18449000000.00
2021-12-31 00:00:00,SYK,3677000000.00,2687000000.00,5.2100,5.2900,1994000000.00,287000000.00,2281000000.00,2687000000.00,8281000000.00,10968000000.00,17108000000.00,17108000000.00
2020-12-31 00:00:00,SYK,3052000000.00,2240000000.00,4.2000,4.2600,1599000000.00,355000000.00,1954000000.00,2240000000.00,6817000000.00,9057000000.00,14351000000.00,14351000000.00
2024-06-30 00:00:00,SMCI,,,20.0900,21.7300,,,,,,,,
2023-06-30 00:00:00,SMCI,799692000.00,764788000.00,1.1430,1.2090,639998000.00,110666000.00,754297000.00,761142000.00,521870000.00,1283012000.00,7123482000.00,7123482000.00
2022-06-30 00:00:00,SMCI,375717000.00,343246000.00,0.5320,0.5540,285163000.00,52876000.00,336833000.00,335167000.00,464834000.00,800001000.00,5196099000.00,5196099000.00
2021-06-30 00:00:00,SMCI,149298000.00,121113000.00,0.2090,0.2190,111865000.00,6936000.00,118628000.00,123947000.00,410591000.00,534538000.00,3557422000.00,3557422000.00
2020-06-30 00:00:00,SMCI,115536000.00,87064000.00,,,84308000.00,2922000.00,84828000.00,85654000.00,440556000.00,526210000.00,3339281000.00,3339281000.00
2023-10-31 00:00:00,SNPS,1550080000.00,1302960000.00,7.9200,8.0800,1229888000.00,83657000.00,1301782000.00,1346261000.00,3274165000.00,4620426000.00,5842619000.00,5842619000.00
2022-10-31 00:00:00,SNPS,1345617000.00,1117212000.00,6.2900,6.4400,984594000.00,137078000.00,1115514000.00,1174095000.00,2843750000.00,4017845000.00,5081542000.00,5081542000.00
2021-10-31 00:00:00,SNPS,1012555000.00,808879000.00,4.8100,4.9600,757516000.00,49155000.00,805514000.00,768195000.00,2574221000.00,3342416000.00,4204193000.00,4204193000.00
2020-10-31 00:00:00,SNPS,853285000.00,643299000.00,4.2700,4.4000,664347000.00,-25288000.00,638159000.00,656200000.00,2234391000.00,2890591000.00,3685281000.00,3685281000.00
2024-06-30 00:00:00,SYY,4169000000.00,3172000000.00,3.8900,3.9000,1955000000.00,610000000.00,2565000000.00,3202000000.00,11406000000.00,14608000000.00,78844000000.00,76344000000.00
2023-06-30 00:00:00,SYY,3701000000.00,2812000000.00,3.4700,3.4900,1770000000.00,515000000.00,2285000000.00,3039000000.00,10916000000.00,13955000000.00,76325000000.00,73929000000.00
2022-06-30 00:00:00,SYY,3252000000.00,2371000000.00,2.6400,2.6600,1359000000.00,388000000.00,1747000000.00,2346000000.00,9974000000.00,12320000000.00,68636000000.00,66517000000.00
2021-06-30 00:00:00,SYY,2316687000.00,1464865000.00,1.0200,1.0300,524209000.00,60519000.00,584728000.00,1447188000.00,7909561000.00,9356749000.00,51297843000.00,48834915000.00
2023-12-31 00:00:00,TMUS,27152000000.00,14334000000.00,6.9300,7.0200,8317000000.00,2682000000.00,10999000000.00,14241000000.00,34129000000.00,48370000000.00,78558000000.00,77379000000.00
2022-12-31 00:00:00,TMUS,20161000000.00,6510000000.00,2.0600,2.0700,2590000000.00,556000000.00,3146000000.00,8107000000.00,35258000000.00,43365000000.00,79571000000.00,78453000000.00
2021-12-31 00:00:00,TMUS,23076000000.00,6693000000.00,2.4100,2.4200,3024000000.00,327000000.00,3351000000.00,6892000000.00,36621000000.00,43513000000.00,80118000000.00,79096000000.00
2020-12-31 00:00:00,TMUS,20382000000.00,6231000000.00,2.6500,2.6800,3064000000.00,786000000.00,3530000000.00,7054000000.00,33077000000.00,40131000000.00,68397000000.00,67707000000.00
2019-12-31 00:00:00,TMUS,,,,,,,,,,,,
2023-12-31 00:00:00,TROW,2519600000.00,2038000000.00,7.7600,7.7800,1788700000.00,654600000.00,2490300000.00,2038000000.00,1168100000.00,3206100000.00,6460500000.00,6460500000.00
2022-12-31 00:00:00,TROW,3141800000.00,2496000000.00,6.7000,6.7300,1557900000.00,498600000.00,1948200000.00,2496000000.00,1070000000.00,3566000000.00,6488400000.00,6488400000.00
2021-12-31 00:00:00,TROW,3914800000.00,3710000000.00,13.1200,13.2500,3082900000.00,896100000.00,3994600000.00,3710000000.00,968700000.00,4678700000.00,7671900000.00,7671900000.00
2020-12-31 00:00:00,TROW,2935300000.00,2745700000.00,9.9800,10.0800,2372700000.00,718900000.00,3242200000.00,2745700000.00,844600000.00,3590300000.00,6206700000.00,6206700000.00
2024-03-31 00:00:00,TTWO,-1800600000.00,-3562200000.00,-22.0100,-22.0100,-3744200000.00,41400000.00,-3702800000.00,-1143900000.00,3385700000.00,2241800000.00,5349600000.00,5349600000.00
2023-03-31 00:00:00,TTWO,582500000.00,-1194200000.00,-7.0300,-7.0300,-1124700000.00,-213400000.00,-1338100000.00,-1150600000.00,3435900000.00,2285300000.00,5349900000.00,5349900000.00
2022-03-31 00:00:00,TTWO,747000000.00,489900000.00,3.5800,3.6200,418000000.00,47400000.00,465400000.00,474400000.00,1495000000.00,1969400000.00,3504800000.00,3504800000.00
2021-03-31 00:00:00,TTWO,890800000.00,688400000.00,5.0900,5.1400,588900000.00,88900000.00,677800000.00,629400000.00,1208300000.00,1837700000.00,3372800000.00,3372800000.00
2020-03-31 00:00:00,TTWO,,,,,,,,,,,,
2024-06-30 00:00:00,TPR,1365900000.00,1136900000.00,3.5000,3.5600,816000000.00,195900000.00,1011900000.00,1140100000.00,3749400000.00,4889500000.00,6671200000.00,6671200000.00
2023-06-30 00:00:00,TPR,1394900000.00,1170700000.00,3.8800,3.9600,936000000.00,207100000.00,1143100000.00,1172400000.00,3542500000.00,4714900000.00,6660900000.00,6660900000.00
2022-06-30 00:00:00,TPR,1311700000.00,1105700000.00,3.1700,3.2400,856300000.00,190700000.00,1047000000.00,1175800000.00,3474600000.00,4650400000.00,6684500000.00,6684500000.00
2021-06-30 00:00:00,TPR,1187400000.00,968700000.00,2.9500,3.0000,834200000.00,63100000.00,897300000.00,968000000.00,3113900000.00,4081900000.00,5746300000.00,5746300000.00
2020-06-30 00:00:00,TPR,,,,,,,,,,,,
2023-12-31 00:00:00,TRGP,3959900000.00,2630300000.00,3.6600,3.6900,1345900000.00,363200000.00,1942500000.00,2626200000.00,1428100000.00,4054300000.00,16060300000.00,16060300000.00
2022-12-31 00:00:00,TRGP,3205300000.00,2109300000.00,3.8800,3.9500,1195500000.00,131800000.00,1663200000.00,1729000000.00,1222700000.00,2951700000.00,20929800000.00,20929800000.00
2021-12-31 00:00:00,TRGP,1695400000.00,824800000.00,-0.0700,-0.0700,71200000.00,14800000.00,436900000.00,1317100000.00,1032600000.00,2349700000.00,16949800000.00,16949800000.00
2020-12-31 00:00:00,TRGP,-316700000.00,-1181800000.00,-7.2600,-7.2600,-1553900000.00,-248100000.00,-1573100000.00,1253100000.00,955600000.00,2208700000.00,8260300000.00,8260300000.00
2019-12-31 00:00:00,TRGP,,,,,,,,,,,,
2024-01-31 00:00:00,TGT,8600000000.00,5799000000.00,8.9400,8.9600,4138000000.00,1159000000.00,5297000000.00,5707000000.00,23969000000.00,29676000000.00,107412000000.00,105803000000.00
2023-01-31 00:00:00,TGT,6596000000.00,3896000000.00,5.9800,6.0200,2780000000.00,638000000.00,3418000000.00,3848000000.00,23043000000.00,26891000000.00,109120000000.00,107588000000.00
2022-01-31 00:00:00,TGT,11970000000.00,9328000000.00,14.1000,14.2300,6946000000.00,1961000000.00,8907000000.00,8946000000.00,22096000000.00,31042000000.00,106005000000.00,104611000000.00
2021-01-31 00:00:00,TGT,9008000000.00,6523000000.00,8.6400,8.7200,4368000000.00,1178000000.00,5546000000.00,6539000000.00,20845000000.00,27384000000.00,93561000000.00,92400000000.00
2020-01-31 00:00:00,TGT,,,,,,,,,,,,
2023-09-30 00:00:00,TEL,3142000000.00,2348000000.00,6.0300,6.0600,1910000000.00,364000000.00,2268000000.00,2677000000.00,2378000000.00,5055000000.00,16034000000.00,16034000000.00
2022-09-30 00:00:00,TEL,3584000000.00,2799000000.00,7.4700,7.5200,2428000000.00,306000000.00,2733000000.00,2942000000.00,2302000000.00,5244000000.00,16281000000.00,16281000000.00
2021-09-30 00:00:00,TEL,3203000000.00,2434000000.00,6.7900,6.8500,2261000000.00,123000000.00,2378000000.00,2698000000.00,2189000000.00,4887000000.00,14923000000.00,14923000000.00
2020-09-30 00:00:00,TEL,1283000000.00,572000000.00,-0.7300,-0.7300,-241000000.00,783000000.00,524000000.00,1730000000.00,2005000000.00,3735000000.00,12172000000.00,12172000000.00
2023-12-31 00:00:00,TDY,1352600000.00,1036200000.00,18.4900,18.7126,885700000.00,72300000.00,958900000.00,1046800000.00,1392600000.00,2439400000.00,5635500000.00,5635500000.00
2022-12-31 00:00:00,TDY,1329600000.00,997400000.00,16.5300,16.8249,788600000.00,119200000.00,908100000.00,983400000.00,1346900000.00,2330300000.00,5458600000.00,5458600000.00
2021-12-31 00:00:00,TDY,996400000.00,624600000.00,9.5445,9.5445,445300000.00,88500000.00,533800000.00,635500000.00,1205900000.00,1841400000.00,4614300000.00,4614300000.00
2020-12-31 00:00:00,TDY,601200000.00,485000000.00,10.6200,10.8758,401900000.00,67800000.00,469700000.00,492200000.00,688700000.00,1180900000.00,3086200000.00,3086200000.00
2019-12-31 00:00:00,TDY,,,,,,,,,,,,
2023-12-31 00:00:00,TFX,761212000.00,519094000.00,7.5300,7.5800,356328000.00,76440000.00,434012000.00,562713000.00,1084218000.00,1646931000.00,2974489000.00,2974489000.00
2022-12-31 00:00:00,TFX,730773000.00,500183000.00,7.6800,7.7400,363139000.00,83003000.00,445919000.00,513520000.00,1017567000.00,1531087000.00,2791041000.00,2791041000.00
2021-12-31 00:00:00,TFX,853799000.00,616437000.00,10.2300,10.3800,485374000.00,74349000.00,559468000.00,558676000.00,990926000.00,1549602000.00,2809563000.00,2809563000.00
2020-12-31 00:00:00,TFX,651478000.00,424226000.00,7.0900,7.2100,335324000.00,21931000.00,357732000.00,461559000.00,863315000.00,1324874000.00,2537156000.00,2537156000.00
2019-12-31 00:00:00,TFX,,,,,,,,,,,,
2023-12-31 00:00:00,TER,640264000.00,529378000.00,2.7300,2.9100,448752000.00,76820000.00,525572000.00,522345000.00,1014403000.00,1536748000.00,2676298000.00,2676298000.00
2022-12-31 00:00:00,TER,954779000.00,844104000.00,4.2200,4.5200,715501000.00,124884000.00,840385000.00,849124000.00,1018027000.00,1867151000.00,3155045000.00,3155045000.00
2021-12-31 00:00:00,TER,1304260000.00,1178775000.00,5.5600,6.1900,1014589000.00,146366000.00,1160955000.00,1210032000.00,996624000.00,2206656000.00,3702881000.00,3702881000.00
2020-12-31 00:00:00,TER,1051940000.00,925197000.00,4.2800,4.7200,784147000.00,116868000.00,901015000.00,915205000.00,870536000.00,1785741000.00,3121469000.00,3121469000.00
2023-12-31 00:00:00,TSLA,14796000000.00,10129000000.00,4.3100,4.7257,14999000000.00,-5001000000.00,9973000000.00,8891000000.00,8769000000.00,17660000000.00,96773000000.00,96773000000.00
2022-12-31 00:00:00,TSLA,17657000000.00,13910000000.00,3.6200,4.0200,12583000000.00,1132000000.00,13719000000.00,13832000000.00,7021000000.00,20853000000.00,81462000000.00,81462000000.00
2021-12-31 00:00:00,TSLA,9625000000.00,6714000000.00,1.6300,1.8700,5524000000.00,699000000.00,6343000000.00,6496000000.00,7110000000.00,13606000000.00,53823000000.00,53823000000.00
2020-12-31 00:00:00,TSLA,4224000000.00,1902000000.00,0.2133,0.2467,721000000.00,292000000.00,1154000000.00,1994000000.00,4636000000.00,6630000000.00,31536000000.00,31536000000.00
2019-12-31 00:00:00,TSLA,,,,,,,,,,,,
2023-12-31 00:00:00,TXN,9009000000.00,7771000000.00,7.0700,7.1696,6510000000.00,908000000.00,7418000000.00,7331000000.00,3688000000.00,11019000000.00,17519000000.00,17519000000.00
2022-12-31 00:00:00,TXN,11225000000.00,10246000000.00,9.4100,9.5513,8749000000.00,1283000000.00,10032000000.00,10397000000.00,3374000000.00,13771000000.00,20028000000.00,20028000000.00
2021-12-31 00:00:00,TXN,10057000000.00,9103000000.00,8.2600,8.4171,7769000000.00,1150000000.00,8919000000.00,9156000000.00,3220000000.00,12376000000.00,18344000000.00,18344000000.00
2020-12-31 00:00:00,TXN,7199000000.00,6207000000.00,5.9700,6.0749,5595000000.00,422000000.00,6017000000.00,6116000000.00,3153000000.00,9269000000.00,14461000000.00,14461000000.00
2023-12-31 00:00:00,TXT,1559000000.00,1164000000.00,4.5645,4.5700,921000000.00,165000000.00,1087000000.00,1053000000.00,1225000000.00,2278000000.00,13683000000.00,13683000000.00
2022-12-31 00:00:00,TXT,1520000000.00,1123000000.00,4.0100,4.0500,861000000.00,154000000.00,1016000000.00,883000000.00,1186000000.00,2069000000.00,12869000000.00,12869000000.00
2021-12-31 00:00:00,TXT,1405000000.00,1015000000.00,3.3000,3.3300,746000000.00,126000000.00,873000000.00,864000000.00,1221000000.00,2085000000.00,12382000000.00,12382000000.00
2020-12-31 00:00:00,TXT,839000000.00,448000000.00,1.3500,1.3500,309000000.00,-27000000.00,282000000.00,512000000.00,1045000000.00,1557000000.00,11651000000.00,11651000000.00
2019-12-31 00:00:00,TXT,,,,,,,,,,,,
2023-12-31 00:00:00,TMO,11079000000.00,7673000000.00,15.4500,15.5200,5995000000.00,284000000.00,6298000000.00,7318000000.00,9782000000.00,17100000000.00,42857000000.00,42857000000.00
2022-12-31 00:00:00,TMO,11942000000.00,8561000000.00,17.6300,17.7500,6950000000.00,703000000.00,7835000000.00,8507000000.00,10464000000.00,18971000000.00,44915000000.00,44915000000.00
2021-12-31 00:00:00,TMO,11969000000.00,9377000000.00,19.4600,19.6200,7725000000.00,1109000000.00,8841000000.00,10225000000.00,9413000000.00,19638000000.00,39211000000.00,39211000000.00
2020-12-31 00:00:00,TMO,10108000000.00,7783000000.00,15.9600,16.0900,6375000000.00,850000000.00,7230000000.00,7893000000.00,8111000000.00,16004000000.00,32218000000.00,32218000000.00
2024-01-31 00:00:00,TJX,7010000000.00,6046000000.00,3.8600,3.9257,4474000000.00,1493000000.00,5967000000.00,5797000000.00,10469000000.00,16266000000.00,54217000000.00,54217000000.00
2023-01-31 00:00:00,TJX,5607000000.00,4720000000.00,2.9700,3.0274,3498000000.00,1138000000.00,4636000000.00,4860000000.00,8927000000.00,13787000000.00,49936000000.00,49936000000.00
2022-01-31 00:00:00,TJX,5385000000.00,4517000000.00,2.7000,2.7792,3283000000.00,1115000000.00,4398000000.00,4755000000.00,9081000000.00,13836000000.00,48550000000.00,48550000000.00
2021-01-31 00:00:00,TJX,1154000000.00,283000000.00,0.0700,0.0751,90000000.00,-1000000.00,89000000.00,582000000.00,7021000000.00,7603000000.00,32137000000.00,32137000000.00
2020-01-31 00:00:00,TJX,,,,,,,,,,,,
2023-12-31 00:00:00,TSCO,1871961000.00,1478912000.00,10.0900,10.1500,1107226000.00,325176000.00,1432402000.00,1478912000.00,3749307000.00,5228219000.00,14555741000.00,14555741000.00
2022-12-31 00:00:00,TSCO,1778005000.00,1434943000.00,9.7100,9.7800,1088712000.00,315598000.00,1404310000.00,1434943000.00,3537261000.00,4972204000.00,14204717000.00,14204717000.00
2021-12-31 00:00:00,TSCO,1576856000.00,1306698000.00,8.6100,8.6900,997114000.00,282974000.00,1280088000.00,1306698000.00,3170455000.00,4477153000.00,12731105000.00,12731105000.00
2020-12-31 00:00:00,TSCO,1214052000.00,996928000.00,6.3800,6.4400,748958000.00,219189000.00,968147000.00,1065901000.00,2695648000.00,3761549000.00,10620352000.00,10620352000.00
2019-12-31 00:00:00,TSCO,,,,,,,,,,,,
2023-12-31 00:00:00,TT,3149900000.00,2801800000.00,8.7700,8.9091,2023900000.00,498400000.00,2567300000.00,2894000000.00,2963200000.00,5857200000.00,17677600000.00,17677600000.00
2022-12-31 00:00:00,TT,2719200000.00,2395600000.00,7.4800,7.6761,1756500000.00,375900000.00,2172100000.00,2418900000.00,2545900000.00,4964800000.00,15991700000.00,15991700000.00
2021-12-31 00:00:00,TT,2323800000.00,2024400000.00,5.8700,6.0520,1423400000.00,333500000.00,1790700000.00,2023300000.00,2446300000.00,4469600000.00,14136400000.00,14136400000.00
2020-12-31 00:00:00,TT,1831200000.00,1536900000.00,3.5200,3.5799,854900000.00,296800000.00,1288200000.00,1532800000.00,2270600000.00,3803400000.00,12454700000.00,12454700000.00
2023-09-30 00:00:00,TDG,3148000000.00,2880000000.00,22.0300,22.0300,1298000000.00,417000000.00,1716000000.00,2933000000.00,909000000.00,3842000000.00,6585000000.00,6585000000.00
2022-09-30 00:00:00,TDG,2456000000.00,2203000000.00,13.4000,13.4000,866000000.00,261000000.00,1127000000.00,2235000000.00,864000000.00,3099000000.00,5429000000.00,5429000000.00
2021-09-30 00:00:00,TDG,2027000000.00,1774000000.00,10.4100,10.4100,680000000.00,34000000.00,715000000.00,1691000000.00,822000000.00,2513000000.00,4798000000.00,4798000000.00
2020-09-30 00:00:00,TDG,2052000000.00,1769000000.00,8.9600,8.9600,699000000.00,87000000.00,740000000.00,1751000000.00,896000000.00,2647000000.00,5103000000.00,5103000000.00
2023-12-31 00:00:00,TRMB,768600000.00,518000000.00,,,311300000.00,45700000.00,357000000.00,494400000.00,1838400000.00,2332800000.00,3798700000.00,3798700000.00
2022-12-31 00:00:00,TRMB,812000000.00,640200000.00,1.8000,1.8100,449700000.00,119400000.00,569100000.00,541100000.00,1564500000.00,2105600000.00,3676300000.00,3676300000.00
2021-12-31 00:00:00,TRMB,819900000.00,640000000.00,1.9400,1.9600,492800000.00,81800000.00,574600000.00,571300000.00,1463400000.00,2034700000.00,3659100000.00,3659100000.00
2020-12-31 00:00:00,TRMB,670100000.00,472600000.00,1.5500,1.5600,389900000.00,4400000.00,395000000.00,445600000.00,1309300000.00,1754900000.00,3147700000.00,3147700000.00
2019-12-31 00:00:00,TRMB,,,2.0300,2.0500,,,,,,,,
2023-12-31 00:00:00,TYL,392632000.00,221865000.00,3.8800,3.9500,165919000.00,32317000.00,198236000.00,218537000.00,642562000.00,861099000.00,1951751000.00,1951751000.00
2022-12-31 00:00:00,TYL,388013000.00,215972000.00,3.8700,3.9500,164240000.00,23353000.00,187593000.00,214249000.00,569614000.00,783863000.00,1850204000.00,1850204000.00
2021-12-31 00:00:00,TYL,328119000.00,182279000.00,3.8200,3.9500,161458000.00,-2477000.00,158981000.00,180735000.00,528909000.00,709644000.00,1592287000.00,1592287000.00
2020-12-31 00:00:00,TYL,257712000.00,176055000.00,4.6900,4.8700,194820000.00,-19778000.00,175042000.00,172926000.00,369586000.00,542512000.00,1116663000.00,1116663000.00
2023-09-30 00:00:00,TSN,1016000000.00,-323000000.00,-1.8700,-1.8700,-648000000.00,-29000000.00,-678000000.00,386000000.00,2245000000.00,2631000000.00,52881000000.00,52881000000.00
2022-09-30 00:00:00,TSN,5716000000.00,4514000000.00,8.9200,9.1800,3238000000.00,900000000.00,4149000000.00,4410000000.00,2258000000.00,6668000000.00,53282000000.00,53282000000.00
2021-09-30 00:00:00,TSN,5683000000.00,4469000000.00,8.3400,8.5700,3047000000.00,981000000.00,4041000000.00,4396000000.00,2130000000.00,6526000000.00,47049000000.00,47049000000.00
2020-09-30 00:00:00,TSN,4341000000.00,3149000000.00,5.8600,6.0200,2061000000.00,593000000.00,2664000000.00,3008000000.00,2376000000.00,5384000000.00,43185000000.00,43185000000.00
2023-12-31 00:00:00,UBER,3777000000.00,2954000000.00,0.8700,0.9300,1887000000.00,213000000.00,2321000000.00,1110000000.00,13714000000.00,14824000000.00,37281000000.00,37281000000.00
2022-12-31 00:00:00,UBER,-7914000000.00,-8861000000.00,-4.6500,-4.6400,-9141000000.00,-181000000.00,-9426000000.00,-1832000000.00,14050000000.00,12218000000.00,31877000000.00,31877000000.00
2021-12-31 00:00:00,UBER,360000000.00,-542000000.00,-0.2900,-0.2600,-496000000.00,-492000000.00,-1025000000.00,-3834000000.00,11938000000.00,8104000000.00,17455000000.00,17447000000.00
2020-12-31 00:00:00,UBER,-5913000000.00,-6488000000.00,-3.8600,-3.8600,-6768000000.00,-192000000.00,-6946000000.00,-4863000000.00,10848000000.00,5985000000.00,11139000000.00,11004000000.00
2019-12-31 00:00:00,UBER,,,,,,,,,,,,
2023-12-31 00:00:00,UDR,1349298000.00,657460000.00,1.3400,1.3400,444353000.00,2106000.00,476594000.00,286953000.00,105570000.00,392523000.00,1627501000.00,1627501000.00
2022-12-31 00:00:00,UDR,935333000.00,255761000.00,0.2600,0.2600,86924000.00,349000.00,92928000.00,235053000.00,95981000.00,331034000.00,1517386000.00,1517386000.00
2021-12-31 00:00:00,UDR,968532000.00,348699000.00,0.4800,0.4900,150016000.00,1439000.00,162432000.00,135664000.00,92375000.00,228039000.00,1290767000.00,1290767000.00
2020-12-31 00:00:00,UDR,892850000.00,274221000.00,0.2000,0.2000,64266000.00,2545000.00,71515000.00,131957000.00,82660000.00,214617000.00,1241165000.00,1241165000.00
2019-12-31 00:00:00,UDR,,,,,,,,,,,,
2024-01-31 00:00:00,ULTA,1930379000.00,1686539000.00,26.0300,26.1800,1291005000.00,404646000.00,1695651000.00,1686539000.00,2694561000.00,4381100000.00,11207303000.00,11207303000.00
2023-01-31 00:00:00,ULTA,1890583000.00,1649211000.00,24.0100,24.1700,1242408000.00,401136000.00,1643544000.00,1649211000.00,2395299000.00,4044510000.00,10208580000.00,10208580000.00
2022-01-31 00:00:00,ULTA,1575469000.00,1307009000.00,17.9800,18.0900,985837000.00,309992000.00,1295829000.00,1307009000.00,2061545000.00,3368554000.00,8630889000.00,8630889000.00
2021-01-31 00:00:00,ULTA,663914000.00,366142000.00,3.1100,3.1200,175835000.00,55250000.00,231085000.00,366142000.00,1583017000.00,1949159000.00,6151953000.00,6151953000.00
2020-01-31 00:00:00,ULTA,,,,,,,,,,,,
2023-12-31 00:00:00,UNP,11891000000.00,9573000000.00,10.4500,10.4700,6379000000.00,1854000000.00,8233000000.00,9082000000.00,1447000000.00,10529000000.00,24119000000.00,22571000000.00
2022-12-31 00:00:00,UNP,12589000000.00,10343000000.00,11.2100,11.2400,6998000000.00,2074000000.00,9072000000.00,9917000000.00,1288000000.00,11205000000.00,24875000000.00,23159000000.00
2021-12-31 00:00:00,UNP,11843000000.00,9635000000.00,9.9500,9.9800,6523000000.00,1955000000.00,8478000000.00,9338000000.00,1176000000.00,10514000000.00,21804000000.00,20244000000.00
2020-12-31 00:00:00,UNP,10331000000.00,8121000000.00,7.8800,7.9000,5349000000.00,1631000000.00,6980000000.00,7834000000.00,1345000000.00,9179000000.00,19533000000.00,18251000000.00
2019-12-31 00:00:00,UNP,,,,,,,,,,,,
2023-12-31 00:00:00,UAL,7832000000.00,5161000000.00,7.8900,7.9813,2618000000.00,769000000.00,3387000000.00,5160000000.00,10039000000.00,15199000000.00,53717000000.00,50541000000.00
2022-12-31 00:00:00,UAL,5119000000.00,2663000000.00,2.2300,2.2543,737000000.00,253000000.00,990000000.00,2477000000.00,8163000000.00,10640000000.00,44955000000.00,42203000000.00
2021-12-31 00:00:00,UAL,1505000000.00,-980000000.00,-6.1000,-6.0653,-1964000000.00,-593000000.00,-2557000000.00,-368000000.00,1089000000.00,721000000.00,24634000000.00,22546000000.00
2020-12-31 00:00:00,UAL,-5342000000.00,-7830000000.00,-25.3000,-22.6683,-7069000000.00,-1753000000.00,-8822000000.00,-5439000000.00,409000000.00,-5030000000.00,15355000000.00,13453000000.00
2019-12-31 00:00:00,UAL,,,,,,,,,,,,
2023-12-31 00:00:00,UPS,12724000000.00,9358000000.00,7.8000,7.8100,6708000000.00,1865000000.00,8573000000.00,9141000000.00,8090000000.00,17231000000.00,90958000000.00,90958000000.00
2022-12-31 00:00:00,UPS,18717000000.00,15529000000.00,13.2000,13.2600,11548000000.00,3277000000.00,14825000000.00,13094000000.00,7915000000.00,21009000000.00,100338000000.00,100338000000.00
2021-12-31 00:00:00,UPS,20242000000.00,17289000000.00,14.6800,14.7500,12890000000.00,3705000000.00,16595000000.00,12810000000.00,7470000000.00,20280000000.00,97287000000.00,97287000000.00
2020-12-31 00:00:00,UPS,5243000000.00,2545000000.00,1.6400,1.6500,1343000000.00,501000000.00,1844000000.00,7684000000.00,7600000000.00,15284000000.00,84628000000.00,84628000000.00
2023-12-31 00:00:00,URI,6627000000.00,3846000000.00,35.2800,35.4000,2424000000.00,787000000.00,3211000000.00,3855000000.00,1958000000.00,5813000000.00,14332000000.00,14332000000.00
2022-12-31 00:00:00,URI,5464000000.00,3247000000.00,29.6500,29.7737,2105000000.00,697000000.00,2802000000.00,3232000000.00,1764000000.00,4996000000.00,11642000000.00,11642000000.00
2021-12-31 00:00:00,URI,4253000000.00,2270000000.00,19.0400,19.1436,1386000000.00,460000000.00,1846000000.00,2282000000.00,1571000000.00,3853000000.00,9716000000.00,9716000000.00
2020-12-31 00:00:00,URI,3796000000.00,1808000000.00,12.2000,12.2421,890000000.00,249000000.00,1139000000.00,1817000000.00,1366000000.00,3183000000.00,8530000000.00,8530000000.00
2019-12-31 00:00:00,URI,,,,,,,,,,,,
2023-12-31 00:00:00,UNH,36330000000.00,32358000000.00,23.8600,24.1200,22381000000.00,5968000000.00,29112000000.00,28269000000.00,58600000000.00,86869000000.00,367533000000.00,367533000000.00
2022-12-31 00:00:00,UNH,31835000000.00,28435000000.00,21.1800,21.5418,20120000000.00,5704000000.00,26343000000.00,26405000000.00,51182000000.00,77587000000.00,322132000000.00,322132000000.00
2021-12-31 00:00:00,UNH,27073000000.00,23970000000.00,18.0800,18.3300,17285000000.00,4578000000.00,22310000000.00,21646000000.00,45682000000.00,67328000000.00,285273000000.00,285273000000.00
2020-12-31 00:00:00,UNH,25296000000.00,22405000000.00,16.0300,16.2822,15403000000.00,4973000000.00,20742000000.00,20903000000.00,44595000000.00,65498000000.00,255639000000.00,255639000000.00
2023-12-31 00:00:00,UHS,1710678000.00,1142637000.00,10.2300,10.3500,717795000.00,221119000.00,940426000.00,1175381000.00,11573767000.00,12749148000.00,14281976000.00,14281976000.00
2022-12-31 00:00:00,UHS,1570485000.00,988624000.00,9.1400,9.2300,675609000.00,209278000.00,866260000.00,1003555000.00,10921476000.00,11925031000.00,13399370000.00,13399370000.00
2021-12-31 00:00:00,UHS,1910198000.00,1376985000.00,11.8200,11.9900,991590000.00,305681000.00,1293313000.00,1363094000.00,9851889000.00,11214983000.00,12642117000.00,12642117000.00
2020-12-31 00:00:00,UHS,1868861000.00,1358368000.00,10.9900,11.0600,943953000.00,299293000.00,1252083000.00,1358354000.00,8912411000.00,10270765000.00,11558897000.00,11558897000.00
2019-12-31 00:00:00,UHS,,,,,,,,,,,,
2023-12-31 00:00:00,VLO,15061000000.00,12360000000.00,24.9200,24.9300,8835000000.00,2619000000.00,11768000000.00,11858000000.00,1031000000.00,12889000000.00,144766000000.00,144766000000.00
2022-12-31 00:00:00,VLO,18342000000.00,15869000000.00,29.0400,29.0500,11528000000.00,3428000000.00,15307000000.00,15693000000.00,1058000000.00,16751000000.00,176383000000.00,176383000000.00
2021-12-31 00:00:00,VLO,4551000000.00,2146000000.00,2.2700,2.2700,930000000.00,255000000.00,1543000000.00,2130000000.00,952000000.00,3082000000.00,113977000000.00,113977000000.00
2020-12-31 00:00:00,VLO,904000000.00,-1447000000.00,-3.5000,-3.5000,-1421000000.00,-903000000.00,-2010000000.00,-1637000000.00,849000000.00,-788000000.00,64912000000.00,64912000000.00
2019-12-31 00:00:00,VLO,,,,,,,,,,,,
2023-12-31 00:00:00,VTR,1949153000.00,534276000.00,-0.1000,-0.1000,-40973000.00,-9539000.00,-39836000.00,415514000.00,1521067000.00,1936581000.00,4497827000.00,4463461000.00
2022-12-31 00:00:00,VTR,1620455000.00,409700000.00,-0.1200,-0.1200,-47447000.00,-16926000.00,-57857000.00,483846000.00,1362429000.00,1846275000.00,4129193000.00,4077398000.00
2021-12-31 00:00:00,VTR,1716587000.00,501475000.00,0.1300,0.1300,49008000.00,4827000.00,61386000.00,421431000.00,1318079000.00,1739510000.00,3828007000.00,3738217000.00
2020-12-31 00:00:00,VTR,1944674000.00,814192000.00,1.1700,1.1800,439149000.00,-96534000.00,344651000.00,591440000.00,1264159000.00,1855599000.00,3795357000.00,3707243000.00
2019-12-31 00:00:00,VTR,,,,,,,,,,,,
2023-12-31 00:00:00,VLTO,1213000000.00,1126000000.00,3.4000,3.4100,839000000.00,257000000.00,1096000000.00,1140000000.00,1761000000.00,2901000000.00,5021000000.00,5021000000.00
2022-12-31 00:00:00,VLTO,1203000000.00,1113000000.00,3.4252,3.4560,845000000.00,268000000.00,1113000000.00,1112000000.00,1648000000.00,2760000000.00,4870000000.00,4870000000.00
2021-12-31 00:00:00,VLTO,1153000000.00,1047000000.00,3.4901,3.5215,861000000.00,186000000.00,1047000000.00,1041000000.00,1672000000.00,2713000000.00,4700000000.00,4700000000.00
2020-12-31 00:00:00,VLTO,1061000000.00,951000000.00,2.9347,2.9611,724000000.00,226000000.00,950000000.00,951000000.00,1559000000.00,2510000000.00,4348000000.00,4348000000.00
2023-12-31 00:00:00,VRSN,1095900000.00,1051800000.00,7.9000,7.9100,817600000.00,158900000.00,976500000.00,1000600000.00,295200000.00,1295800000.00,1493100000.00,1493100000.00
2022-12-31 00:00:00,VRSN,1002400000.00,955500000.00,6.2400,6.2400,673800000.00,206400000.00,880200000.00,943100000.00,281100000.00,1224200000.00,1424900000.00,1424900000.00
2021-12-31 00:00:00,VRSN,913400000.00,865500000.00,7.0000,7.0100,784800000.00,-2600000.00,782200000.00,866800000.00,268900000.00,1135700000.00,1327600000.00,1327600000.00
2020-12-31 00:00:00,VRSN,886740000.00,840388000.00,7.0700,7.0800,814888000.00,-64644000.00,750244000.00,824201000.00,260674000.00,1084875000.00,1265052000.00,1265052000.00
2019-12-31 00:00:00,VRSN,,,,,,,,,,,,
2023-12-31 00:00:00,VRSK,1424100000.00,1142700000.00,4.1700,4.1900,614400000.00,258800000.00,1027200000.00,1131700000.00,673200000.00,1804900000.00,2681400000.00,2681400000.00
2022-12-31 00:00:00,VRSK,1741200000.00,1401200000.00,6.0000,6.0400,954300000.00,220300000.00,1262400000.00,1406500000.00,265900000.00,1672400000.00,2497000000.00,2497000000.00
2021-12-31 00:00:00,VRSK,1297100000.00,913500000.00,4.0800,4.1200,666300000.00,179400000.00,786500000.00,911400000.00,697400000.00,1608800000.00,2462500000.00,2462500000.00
2020-12-31 00:00:00,VRSK,1314800000.00,956700000.00,4.3100,4.3800,712700000.00,164600000.00,818400000.00,956300000.00,521400000.00,1477700000.00,2269400000.00,2269400000.00
2019-12-31 00:00:00,VRSK,,,,,,,,,,,,
2023-12-31 00:00:00,VZ,40135000000.00,22511000000.00,2.7500,2.7600,11614000000.00,4892000000.00,16987000000.00,28718000000.00,50369000000.00,79087000000.00,133974000000.00,133974000000.00
2022-12-31 00:00:00,VZ,48983000000.00,31884000000.00,5.0600,5.0600,21256000000.00,6523000000.00,28271000000.00,30467000000.00,47235000000.00,77702000000.00,136835000000.00,136835000000.00
2021-12-31 00:00:00,VZ,49111000000.00,32905000000.00,5.3200,5.3200,22065000000.00,6802000000.00,29420000000.00,32448000000.00,44864000000.00,77312000000.00,133613000000.00,133613000000.00
2020-12-31 00:00:00,VZ,44934000000.00,28214000000.00,4.3000,4.3000,17801000000.00,5619000000.00,23967000000.00,28798000000.00,48293000000.00,77091000000.00,128292000000.00,128292000000.00
2019-12-31 00:00:00,VZ,,,,,,,,,,,,
2023-12-31 00:00:00,VRTX,4605200000.00,4423900000.00,13.8900,14.0500,3619600000.00,760200000.00,4379800000.00,4307500000.00,4299500000.00,8607000000.00,9869200000.00,9869200000.00
2022-12-31 00:00:00,VRTX,4435500000.00,4287200000.00,12.8200,12.9700,3322000000.00,910400000.00,4232400000.00,4365400000.00,3485000000.00,7850400000.00,8930700000.00,8930700000.00
2021-12-31 00:00:00,VRTX,2917500000.00,2791900000.00,9.0100,9.0900,2342100000.00,388300000.00,2730400000.00,3892300000.00,2777900000.00,6670200000.00,7574400000.00,7573400000.00
2020-12-31 00:00:00,VRTX,3284600000.00,3175100000.00,10.2900,10.4400,2711700000.00,405200000.00,3116900000.00,2869400000.00,2600000000.00,5469400000.00,6205700000.00,6202800000.00
2019-12-31 00:00:00,VRTX,,,,,,,,,,,,
2023-12-31 00:00:00,VTRS,3516500000.00,776000000.00,0.0500,0.0500,54700000.00,148200000.00,202900000.00,983300000.00,5455300000.00,6438600000.00,15426900000.00,25693100000.00
2022-12-31 00:00:00,VTRS,6433200000.00,3405600000.00,1.7100,1.7100,2078600000.00,734600000.00,2813200000.00,1655700000.00,4841300000.00,6497000000.00,16262700000.00,27662100000.00
2021-12-31 00:00:00,VTRS,4478300000.00,-28200000.00,-1.0500,-1.0500,-1269100000.00,604700000.00,-664400000.00,365300000.00,5210200000.00,5575500000.00,17886300000.00,30553400000.00
2020-12-31 00:00:00,VTRS,1992700000.00,-223400000.00,-1.1100,-1.1100,-669900000.00,-51300000.00,-721200000.00,-60500000.00,3857200000.00,3796700000.00,11946000000.00,19899100000.00
2019-12-31 00:00:00,VTRS,,,,,,,,,,,,
2023-12-31 00:00:00,VICI,3370835000.00,3366537000.00,2.4700,2.4800,2513540000.00,-6141000.00,2548481000.00,3344848000.00,240051000.00,3584899000.00,3611988000.00,3538662000.00
2022-12-31 00:00:00,VICI,1682278000.00,1679096000.00,1.2700,1.2700,1117635000.00,2876000.00,1139143000.00,1632450000.00,945645000.00,2578095000.00,2600697000.00,2541068000.00
2021-12-31 00:00:00,VICI,1421526000.00,1418435000.00,1.7600,1.8000,1013851000.00,2887000.00,1026045000.00,1444339000.00,44467000.00,1488806000.00,1509568000.00,1481760000.00
2020-12-31 00:00:00,VICI,1209375000.00,1205644000.00,1.7500,1.7600,891674000.00,831000.00,897039000.00,913240000.00,278909000.00,1192149000.00,1225574000.00,1209781000.00
2019-12-31 00:00:00,VICI,,,,,,,,,,,,
2023-09-30 00:00:00,V,22624000000.00,21681000000.00,8.2800,8.2900,17273000000.00,3764000000.00,21037000000.00,21927000000.00,4159000000.00,26086000000.00,32653000000.00,42471000000.00
2022-09-30 00:00:00,V,19535000000.00,18674000000.00,7.0000,7.0100,14957000000.00,3179000000.00,18136000000.00,19681000000.00,3896000000.00,23577000000.00,29310000000.00,37614000000.00
2021-09-30 00:00:00,V,17380000000.00,16576000000.00,5.6300,5.6300,12311000000.00,3752000000.00,16063000000.00,15807000000.00,3328000000.00,19135000000.00,24105000000.00,30797000000.00
2020-09-30 00:00:00,V,15073000000.00,14306000000.00,4.8900,4.9000,10866000000.00,2924000000.00,13790000000.00,14092000000.00,3242000000.00,17334000000.00,21846000000.00,27078000000.00
2023-12-31 00:00:00,VST,4573000000.00,2617000000.00,3.8212,3.8212,1493000000.00,508000000.00,2000000000.00,2710000000.00,2810000000.00,5520000000.00,14779000000.00,13804000000.00
2022-12-31 00:00:00,VST,1049000000.00,-998000000.00,-3.1481,-3.1481,-1227000000.00,-350000000.00,-1560000000.00,-1103000000.00,2785000000.00,1682000000.00,13728000000.00,15631000000.00
2021-12-31 00:00:00,VST,782000000.00,-1268000000.00,-2.7160,-2.7160,-1274000000.00,-458000000.00,-1722000000.00,-1444000000.00,2793000000.00,1349000000.00,12077000000.00,17700000000.00
2020-12-31 00:00:00,VST,3384000000.00,1336000000.00,1.3000,1.3000,636000000.00,266000000.00,890000000.00,1875000000.00,2772000000.00,4647000000.00,11443000000.00,10850000000.00
2019-12-31 00:00:00,VST,,,,,,,,,,,,
2023-12-31 00:00:00,VMC,2044300000.00,1441200000.00,6.9800,7.0200,933200000.00,299400000.00,1245100000.00,1379300000.00,569200000.00,1948500000.00,7781900000.00,7781900000.00
2022-12-31 00:00:00,VMC,1530700000.00,957300000.00,4.3100,4.3300,575600000.00,193000000.00,788100000.00,1008600000.00,549100000.00,1557700000.00,7315200000.00,7315200000.00
2021-12-31 00:00:00,VMC,1473000000.00,1023100000.00,5.0200,5.0500,670800000.00,200100000.00,873800000.00,895300000.00,478100000.00,1373400000.00,5552200000.00,5552200000.00
2020-12-31 00:00:00,VMC,1276600000.00,879800000.00,4.3900,4.4100,584500000.00,155800000.00,743800000.00,891700000.00,389800000.00,1281500000.00,4856800000.00,4856800000.00
2023-12-31 00:00:00,GWW,2807000000.00,2593000000.00,36.2300,36.3900,1829000000.00,597000000.00,2500000000.00,2565000000.00,3931000000.00,6496000000.00,16478000000.00,16478000000.00
2022-12-31 00:00:00,GWW,2444000000.00,2239000000.00,30.0600,30.2200,1547000000.00,533000000.00,2146000000.00,2215000000.00,3634000000.00,5849000000.00,15228000000.00,15228000000.00
2021-12-31 00:00:00,GWW,1759000000.00,1572000000.00,19.8400,19.9400,1043000000.00,371000000.00,1485000000.00,1547000000.00,3173000000.00,4720000000.00,13022000000.00,13022000000.00
2020-12-31 00:00:00,GWW,1222000000.00,1040000000.00,12.8200,12.8800,695000000.00,192000000.00,947000000.00,1019000000.00,3219000000.00,4238000000.00,11797000000.00,11797000000.00
2019-12-31 00:00:00,GWW,,,,,,,,,,,,
2023-12-31 00:00:00,WAB,1787000000.00,1310000000.00,4.5300,4.5400,815000000.00,267000000.00,1092000000.00,1266000000.00,1678000000.00,2944000000.00,9677000000.00,9677000000.00
2022-12-31 00:00:00,WAB,1466000000.00,1040000000.00,3.4600,3.4600,633000000.00,213000000.00,854000000.00,1011000000.00,1529000000.00,2540000000.00,8362000000.00,8362000000.00
2021-12-31 00:00:00,WAB,1355000000.00,914000000.00,2.9600,2.9600,558000000.00,172000000.00,737000000.00,876000000.00,1493000000.00,2369000000.00,7822000000.00,7822000000.00
2020-12-31 00:00:00,WAB,1141000000.00,756000000.00,2.1700,2.1800,414000000.00,145000000.00,557000000.00,745000000.00,1392000000.00,2137000000.00,7556000000.00,7556000000.00
2019-12-31 00:00:00,WAB,,,,,,,,,,,,
2023-08-31 00:00:00,WBA,-2582000000.00,-4839000000.00,-3.5700,-3.5700,-3080000000.00,-1858000000.00,-5419000000.00,-7133000000.00,34205000000.00,27072000000.00,139081000000.00,139081000000.00
2022-08-31 00:00:00,WBA,6375000000.00,4385000000.00,5.0100,5.0200,4337000000.00,-30000000.00,3985000000.00,970000000.00,27295000000.00,28265000000.00,132703000000.00,132703000000.00
2021-08-31 00:00:00,WBA,4873000000.00,2900000000.00,2.9300,2.9400,2542000000.00,667000000.00,1995000000.00,3481000000.00,24586000000.00,28067000000.00,132509000000.00,132509000000.00
2020-08-31 00:00:00,WBA,2986000000.00,1059000000.00,0.5200,0.5200,456000000.00,339000000.00,446000000.00,642000000.00,25436000000.00,26078000000.00,121982000000.00,121982000000.00
2024-01-31 00:00:00,WMT,36384000000.00,24531000000.00,1.9133,1.9200,15511000000.00,5578000000.00,21848000000.00,27012000000.00,130971000000.00,157983000000.00,648125000000.00,648125000000.00
2023-01-31 00:00:00,WMT,30089000000.00,19144000000.00,1.4233,1.4300,11680000000.00,5724000000.00,17016000000.00,20428000000.00,127140000000.00,147568000000.00,611289000000.00,611289000000.00
2022-01-31 00:00:00,WMT,31348000000.00,20690000000.00,1.6233,1.6333,13673000000.00,4756000000.00,18696000000.00,25942000000.00,117812000000.00,143754000000.00,572754000000.00,572754000000.00
2021-01-31 00:00:00,WMT,34031000000.00,22879000000.00,1.5833,1.5900,13510000000.00,6858000000.00,20564000000.00,22548000000.00,116288000000.00,138836000000.00,559151000000.00,559151000000.00
2023-09-30 00:00:00,DIS,12111000000.00,6742000000.00,1.2900,1.2900,2354000000.00,1379000000.00,4769000000.00,8992000000.00,20705000000.00,29697000000.00,88898000000.00,88898000000.00
2022-09-30 00:00:00,DIS,11997000000.00,6834000000.00,1.7200,1.7300,3145000000.00,1732000000.00,5285000000.00,6770000000.00,21551000000.00,28321000000.00,82722000000.00,82722000000.00
2021-09-30 00:00:00,DIS,9078000000.00,3967000000.00,1.0900,1.1000,1995000000.00,25000000.00,2561000000.00,3659000000.00,18628000000.00,22287000000.00,67418000000.00,67418000000.00
2020-09-30 00:00:00,DIS,5093000000.00,-252000000.00,-1.5800,-1.5800,-2864000000.00,699000000.00,-1743000000.00,3794000000.00,17714000000.00,21508000000.00,65388000000.00,65388000000.00
2023-12-31 00:00:00,WBD,22367000000.00,-1642000000.00,-1.2800,-1.2800,-3126000000.00,-784000000.00,-3863000000.00,-886000000.00,17681000000.00,16795000000.00,41321000000.00,40140000000.00
2022-12-31 00:00:00,WBD,14171000000.00,-7183000000.00,-3.8200,-3.8200,-7371000000.00,-1663000000.00,-8960000000.00,-3496000000.00,16871000000.00,13375000000.00,33817000000.00,33026000000.00
2021-12-31 00:00:00,WBD,7149000000.00,2066000000.00,1.5400,1.5500,1006000000.00,236000000.00,1433000000.00,1973000000.00,5598000000.00,7571000000.00,12191000000.00,12133000000.00
2020-12-31 00:00:00,WBD,6691000000.00,2376000000.00,1.8100,1.8200,1219000000.00,373000000.00,1728000000.00,2730000000.00,4081000000.00,6811000000.00,10671000000.00,10613000000.00
2019-12-31 00:00:00,WBD,,,,,,,,,,,,
2023-12-31 00:00:00,WM,5592000000.00,3521000000.00,5.6600,5.6900,2304000000.00,745000000.00,3021000000.00,3823000000.00,3997000000.00,7820000000.00,20426000000.00,20426000000.00
2022-12-31 00:00:00,WM,5334000000.00,3296000000.00,5.3900,5.4200,2238000000.00,678000000.00,2918000000.00,3428000000.00,3976000000.00,7404000000.00,19698000000.00,19698000000.00
2021-12-31 00:00:00,WM,4713000000.00,2714000000.00,4.2900,4.3200,1816000000.00,532000000.00,2349000000.00,2957000000.00,3863000000.00,6820000000.00,17931000000.00,17931000000.00
2020-12-31 00:00:00,WM,3989000000.00,2318000000.00,3.5200,3.5400,1496000000.00,397000000.00,1893000000.00,2478000000.00,3399000000.00,5877000000.00,15218000000.00,15218000000.00
2019-12-31 00:00:00,WM,,,,,,,,,,,,
2023-12-31 00:00:00,WAT,1001009000.00,835104000.00,10.8400,10.8700,642234000.00,94009000.00,736243000.00,817676000.00,943517000.00,1761193000.00,2956416000.00,2956416000.00
2022-12-31 00:00:00,WAT,1017066000.00,886643000.00,11.7300,11.8000,707755000.00,130091000.00,837846000.00,883192000.00,840582000.00,1723774000.00,2971956000.00,2971956000.00
2021-12-31 00:00:00,WAT,982811000.00,851131000.00,11.1700,11.2500,692843000.00,113350000.00,806193000.00,826872000.00,802469000.00,1629341000.00,2785874000.00,2785874000.00
2020-12-31 00:00:00,WAT,785345000.00,659984000.00,8.3600,8.4000,521571000.00,89343000.00,610914000.00,653614000.00,705062000.00,1358676000.00,2365365000.00,2365365000.00
2019-12-31 00:00:00,WAT,,,,,,,,,,,,
2023-12-31 00:00:00,WEC,3527400000.00,2263200000.00,4.2200,4.2200,1332900000.00,204600000.00,1536300000.00,2086900000.00,1514400000.00,3601300000.00,8893000000.00,8785300000.00
2022-12-31 00:00:00,WEC,3370300000.00,2247700000.00,4.4500,4.4600,1409300000.00,322900000.00,1732600000.00,1924200000.00,1376300000.00,3300500000.00,9597400000.00,9568100000.00
2021-12-31 00:00:00,WEC,3044200000.00,1969900000.00,4.1100,4.1200,1301500000.00,200300000.00,1498800000.00,1714900000.00,1284600000.00,2999500000.00,8316000000.00,8235700000.00
2020-12-31 00:00:00,WEC,2898900000.00,1923000000.00,3.7900,3.8000,1201100000.00,227900000.00,1429300000.00,1706100000.00,1183900000.00,2890000000.00,7241700000.00,7169300000.00
2023-12-31 00:00:00,WELL,2401110000.00,957893000.00,0.6600,0.6600,340094000.00,6364000.00,350047000.00,940454000.00,1590001000.00,2530455000.00,6478231000.00,6478231000.00
2022-12-31 00:00:00,WELL,2039490000.00,702581000.00,0.3000,0.3100,141214000.00,7247000.00,173062000.00,746220000.00,1471078000.00,2217298000.00,5776068000.00,5776068000.00
2021-12-31 00:00:00,WELL,1713781000.00,660603000.00,0.7800,0.7900,336138000.00,8713000.00,170750000.00,763356000.00,1171563000.00,1934919000.00,4709481000.00,4709481000.00
2020-12-31 00:00:00,WELL,1532616000.00,482836000.00,2.3300,2.3600,978844000.00,9968000.00,-31552000.00,727448000.00,1261267000.00,1988715000.00,4586538000.00,4586538000.00
2019-12-31 00:00:00,WELL,,,,,,,,,,,,
2023-12-31 00:00:00,WST,844300000.00,707000000.00,7.8800,7.9800,593400000.00,122300000.00,698000000.00,707400000.00,421800000.00,1129200000.00,2949800000.00,2949800000.00
2022-12-31 00:00:00,WST,808400000.00,687800000.00,7.7300,7.8700,585900000.00,114700000.00,679900000.00,760800000.00,375400000.00,1136200000.00,2886900000.00,2886900000.00
2021-12-31 00:00:00,WST,879400000.00,757100000.00,8.6700,8.8900,661800000.00,107200000.00,748900000.00,760200000.00,415600000.00,1175800000.00,2831600000.00,2831600000.00
2020-12-31 00:00:00,WST,518600000.00,409500000.00,4.5700,4.6800,346200000.00,72500000.00,401300000.00,418900000.00,348900000.00,767800000.00,2146900000.00,2146900000.00
2019-12-31 00:00:00,WST,,,,,,,,,,,,
2024-06-30 00:00:00,WDC,324000000.00,-244000000.00,-2.6100,-2.6100,-798000000.00,137000000.00,-661000000.00,210000000.00,2735000000.00,2945000000.00,13003000000.00,13003000000.00
2023-06-30 00:00:00,WDC,-410000000.00,-1238000000.00,-5.3700,-5.3700,-1684000000.00,134000000.00,-1550000000.00,-1092000000.00,2979000000.00,1887000000.00,12318000000.00,12318000000.00
2022-06-30 00:00:00,WDC,3404000000.00,2475000000.00,4.8900,4.9600,1546000000.00,625000000.00,2171000000.00,2434000000.00,3440000000.00,5874000000.00,18793000000.00,18793000000.00
2021-06-30 00:00:00,WDC,2465000000.00,1253000000.00,2.6600,2.6900,821000000.00,106000000.00,927000000.00,1173000000.00,3348000000.00,4521000000.00,16922000000.00,16922000000.00
2020-06-30 00:00:00,WDC,,,,,,,,,,,,
2023-12-31 00:00:00,WY,1717000000.00,1217000000.00,1.1500,1.1500,839000000.00,98000000.00,937000000.00,1127000000.00,555000000.00,1682000000.00,7674000000.00,7674000000.00
2022-12-31 00:00:00,WY,3055000000.00,2575000000.00,2.5300,2.5300,1880000000.00,425000000.00,2305000000.00,3099000000.00,521000000.00,3620000000.00,10184000000.00,10184000000.00
2021-12-31 00:00:00,WY,4106000000.00,3629000000.00,3.4700,3.4800,2607000000.00,709000000.00,3316000000.00,3577000000.00,521000000.00,4098000000.00,10201000000.00,10201000000.00
2020-12-31 00:00:00,WY,1897000000.00,1425000000.00,1.0700,1.0700,797000000.00,185000000.00,982000000.00,1623000000.00,462000000.00,2085000000.00,7532000000.00,7532000000.00
2019-12-31 00:00:00,WY,,,,,,,,,,,,
2023-12-31 00:00:00,WMB,7712000000.00,5641000000.00,2.6000,2.6100,3179000000.00,1005000000.00,4405000000.00,4182000000.00,2619000000.00,6801000000.00,10907000000.00,9951000000.00
2022-12-31 00:00:00,WMB,5698000000.00,3689000000.00,1.6700,1.6800,2049000000.00,425000000.00,2542000000.00,3018000000.00,2481000000.00,5499000000.00,10965000000.00,11352000000.00
2021-12-31 00:00:00,WMB,5094000000.00,3252000000.00,1.2400,1.2500,1517000000.00,511000000.00,2073000000.00,2631000000.00,2122000000.00,4753000000.00,10627000000.00,10775000000.00
2020-12-31 00:00:00,WMB,3170000000.00,1449000000.00,0.1700,0.1700,211000000.00,79000000.00,277000000.00,2571000000.00,1814000000.00,4385000000.00,7719000000.00,7724000000.00
2019-12-31 00:00:00,WMB,,,,,,,,,,,,
2023-12-31 00:00:00,WTW,2019000000.00,1514000000.00,9.9500,10.0100,1055000000.00,215000000.00,1279000000.00,1819000000.00,2320000000.00,4139000000.00,9483000000.00,9483000000.00
2022-12-31 00:00:00,WTW,2033000000.00,1466000000.00,8.9800,9.0000,1009000000.00,194000000.00,1258000000.00,1458000000.00,2343000000.00,3801000000.00,8866000000.00,8866000000.00
2021-12-31 00:00:00,WTW,3553000000.00,2903000000.00,32.7800,32.8800,4222000000.00,536000000.00,2692000000.00,1422000000.00,2323000000.00,3745000000.00,8998000000.00,8998000000.00
2020-12-31 00:00:00,WTW,2025000000.00,1255000000.00,7.6500,7.6800,996000000.00,249000000.00,1011000000.00,993000000.00,2465000000.00,3458000000.00,8615000000.00,8615000000.00
2019-12-31 00:00:00,WTW,,,,,,,,,,,,
2023-12-31 00:00:00,WYNN,1724162000.00,1036892000.00,6.3200,6.4900,729994000.00,-496834000.00,285383000.00,1075006000.00,1748328000.00,2823334000.00,6531897000.00,6531897000.00
2022-12-31 00:00:00,WYNN,643167000.00,-49151000.00,-3.7300,-3.7300,-423856000.00,9332000.00,-700036000.00,-148870000.00,1515473000.00,1366603000.00,3756825000.00,3756825000.00
2021-12-31 00:00:00,WYNN,310008000.00,-405954000.00,-6.6400,-6.6400,-755786000.00,474000.00,-1011516000.00,-336958000.00,1542041000.00,1205083000.00,3763664000.00,3763664000.00
2020-12-31 00:00:00,WYNN,-480299000.00,-1205801000.00,-19.3700,-19.3700,-2067245000.00,564671000.00,-1762275000.00,-1158084000.00,1510726000.00,352642000.00,2095861000.00,2095861000.00
2019-12-31 00:00:00,WYNN,,,,,,,,,,,,
2023-12-31 00:00:00,XEL,5196000000.00,2629000000.00,3.2100,3.2100,1771000000.00,-146000000.00,1625000000.00,2588000000.00,3391000000.00,5979000000.00,14206000000.00,14091000000.00
2022-12-31 00:00:00,XEL,5080000000.00,2526000000.00,3.1700,3.1800,1736000000.00,-135000000.00,1601000000.00,2428000000.00,3432000000.00,5860000000.00,15310000000.00,15203000000.00
2021-12-31 00:00:00,XEL,4600000000.00,2343000000.00,2.9600,2.9600,1597000000.00,-70000000.00,1527000000.00,2203000000.00,3055000000.00,5258000000.00,13431000000.00,13337000000.00
2020-12-31 00:00:00,XEL,4319000000.00,2237000000.00,2.7900,2.7900,1473000000.00,-6000000.00,1467000000.00,2116000000.00,2848000000.00,4964000000.00,11526000000.00,11438000000.00
2019-12-31 00:00:00,XEL,,,,,,,,,,,,
2023-12-31 00:00:00,XYL,1120000000.00,684000000.00,2.7900,2.8100,609000000.00,26000000.00,635000000.00,728000000.00,1989000000.00,2717000000.00,7364000000.00,7364000000.00
2022-12-31 00:00:00,XYL,726000000.00,490000000.00,1.9600,1.9700,355000000.00,85000000.00,440000000.00,511000000.00,1573000000.00,2084000000.00,5522000000.00,5522000000.00
2021-12-31 00:00:00,XYL,832000000.00,587000000.00,2.3500,2.3700,427000000.00,84000000.00,511000000.00,592000000.00,1383000000.00,1975000000.00,5195000000.00,5195000000.00
2020-12-31 00:00:00,XYL,613000000.00,362000000.00,1.4000,1.4100,254000000.00,31000000.00,285000000.00,500000000.00,1330000000.00,1830000000.00,4876000000.00,4876000000.00
2019-12-31 00:00:00,XYL,,,,,,,,,,,,
2023-12-31 00:00:00,YUM,2484000000.00,2331000000.00,5.5900,5.6800,1597000000.00,221000000.00,1818000000.00,2309000000.00,1187000000.00,3496000000.00,7076000000.00,7076000000.00
2022-12-31 00:00:00,YUM,2335000000.00,2189000000.00,4.5700,4.6300,1325000000.00,337000000.00,1662000000.00,2158000000.00,1149000000.00,3307000000.00,6842000000.00,6842000000.00
2021-12-31 00:00:00,YUM,2382000000.00,2218000000.00,5.2100,5.3000,1575000000.00,99000000.00,1674000000.00,2099000000.00,1067000000.00,3166000000.00,6584000000.00,6584000000.00
2020-12-31 00:00:00,YUM,1709000000.00,1563000000.00,2.9400,2.9900,904000000.00,116000000.00,1020000000.00,1609000000.00,1078000000.00,2687000000.00,5652000000.00,5652000000.00
2019-12-31 00:00:00,YUM,,,,,,,,,,,,
2023-12-31 00:00:00,ZBRA,643000000.00,467000000.00,5.7200,5.7500,296000000.00,38000000.00,334000000.00,585000000.00,1538000000.00,2123000000.00,4584000000.00,4584000000.00
2022-12-31 00:00:00,ZBRA,1140000000.00,936000000.00,8.8000,8.8600,463000000.00,81000000.00,544000000.00,936000000.00,1688000000.00,2624000000.00,5781000000.00,5781000000.00
2021-12-31 00:00:00,ZBRA,1160000000.00,973000000.00,15.5200,15.6600,837000000.00,131000000.00,968000000.00,1011000000.00,1617000000.00,2628000000.00,5627000000.00,5627000000.00
2020-12-31 00:00:00,ZBRA,782000000.00,636000000.00,9.3500,9.4300,504000000.00,56000000.00,560000000.00,685000000.00,1318000000.00,2003000000.00,4448000000.00,4448000000.00
2019-12-31 00:00:00,ZBRA,,,,,,,,,,,,
2023-12-31 00:00:00,ZBH,2220200000.00,1268500000.00,4.8800,4.9100,1024000000.00,42200000.00,1067300000.00,1451300000.00,3859100000.00,5310400000.00,7394200000.00,7394200000.00
2022-12-31 00:00:00,ZBH,1494700000.00,568300000.00,1.1000,1.1000,231400000.00,112300000.00,403500000.00,1192100000.00,3728300000.00,4920400000.00,6939900000.00,6939900000.00
2021-12-31 00:00:00,ZBH,1645100000.00,707400000.00,1.9100,1.9300,401600000.00,53500000.00,499000000.00,1005400000.00,3861500000.00,4866900000.00,6827300000.00,6827300000.00
2020-12-31 00:00:00,ZBH,1005300000.00,106900000.00,-0.6700,-0.6700,-138900000.00,-96000000.00,-105200000.00,704700000.00,3598500000.00,4303200000.00,6127500000.00,6127500000.00
2019-12-31 00:00:00,ZBH,,,,,,,,,,,,
2023-12-31 00:00:00,ZTS,3666000000.00,3175000000.00,5.0700,5.0800,2344000000.00,596000000.00,2936000000.00,3069000000.00,2914000000.00,5983000000.00,8544000000.00,8544000000.00
2022-12-31 00:00:00,ZTS,3342000000.00,2877000000.00,4.4900,4.5100,2114000000.00,545000000.00,2656000000.00,2928000000.00,2698000000.00,5626000000.00,8080000000.00,8080000000.00
2021-12-31 00:00:00,ZTS,3160000000.00,2712000000.00,4.2700,4.2900,2037000000.00,454000000.00,2488000000.00,2803000000.00,2670000000.00,5473000000.00,7776000000.00,7776000000.00
2020-12-31 00:00:00,ZTS,2668000000.00,2227000000.00,3.4200,3.4400,1638000000.00,360000000.00,1996000000.00,2269000000.00,2349000000.00,4618000000.00,6675000000.00,6675000000.00
